2470 4046
645 256 665 312 4

204 402 303 492 sigpes
317 423 443 485 quoque,
454 409 490 465 ut
502 404 600 466 laudis
613 410 723 466 nostra
737 426 799 466 non
811 405 975 486 indigeant,
986 404 1109 480 Minon,

203 507 389 582 Alcamenes,
404 507 563 589 Lysippus,
584 509 765 570 Praxiteles:
787 530 913 590 quorum
932 511 969 570 ad
988 515 1109 571 aetatem

202 611 359 672 referenda
380 612 520 674 videntur
540 614 674 698 exempla
696 613 756 685 illa,
777 635 842 694 quse
865 633 946 674 nunc
969 614 1002 674 in
1025 613 1110 674 omni

201 715 397 795 pinacothecas
420 721 549 792 exstant,
571 719 686 792 Venus,
707 718 825 798 Apollo,
846 719 1004 793 Hercules,
1030 719 1108 778 Lao·

201 819 314 880 coou‘lr
343 821 541 901 pulcherrima
561 821 689 902 quidem,
710 841 765 882 nec
785 843 821 882 ea
839 827 942 883 tamen
961 829 1025 883 tam
1044 843 1108 883 cre·

202 923 323 998 scentis,
345 944 433 1004 quam
455 925 638 985 senescentis
657 925 728 1006 jam,
753 926 826 986 11111
850 947 939 1007 opera
961 927 1108 987 habenda.

200 1027 396 1107 Reliquorum
408 1033 495 1088 tanta
507 1029 605 1104 turba,
619 1035 655 1090 ut
668 1049 785 1090 omnem
798 1030 861 1091 scre
878 1031 1022 1092 Graciam
1035 1031 1107 1091 huic

202 1133 262 1193 arti
289 1133 420 1194 deditam
447 1133 598 1195 crederes:
632 1155 688 1194 111
714 1135 820 1195 florere
848 1155 883 1195 ea
910 1141 980 1196 ante
995 1135 1107 1209 desiit,

200 1257 288 1318 quam
301 1242 372 1318 post
391 1238 564 1300 Antoninos
584 1238 733 1319 principes
753 1239 941 1301 iconoclastae
960 1239 1013 1313 illi,
1028 1259 1105 1318 quos

200 1342 355 1412 vocabant,
376 1347 481 1402 contra
500 1342 670 1404 saeviebant.
720 1343 770 1403 Ad
796 1345 920 1403 Romam
943 1353 1104 1404 vertamur.

202 1445 302 1526 Signis
319 1445 473 1506 hominurn
493 1445 628 1506 conferta
647 1447 719 1507 urbs
739 1447 814 1508 fuit:
838 1447 891 1507 sed
907 1447 1024 1507 nullum
1041 1447 1106 1508 fere

200 1550 329 1610 Romani
347 1570 431 1629 opus.
472 1550 652 1631 Antiquiora
671 1552 750 1611 enim
769 1551 830 1626 illa,
843 1556 879 1611 ut
897 1551 1002 1632 Lupus
1018 1551 1105 1632 Oapi·

199 1654 302 1726 tolina,
317 1653 414 1713 Tusca
426 1671 489 1713 101
502 1655 635 1714 Romana
652 1660 755 1727 erant3
776 1657 889 1714 Tuscus
907 1659 1009 1713 autem
1024 1660 1105 1714 artes

200 1779 218 1820 1
237 1759 353 1820 Gracia
372 1758 555 1838 immigrasse
576 1759 663 1819 docet
683 1759 836 1819 Demarati
855 1759 935 1819 illius
955 1781 1024 1820 cum
1044 1763 1104 1819 En·

200 1864 281 1926 chire
301 1868 333 1924 et
353 1864 534 1943 Engrammo
552 1863 685 1924 historia.
707 1862 769 1940 Qui
788 1883 857 1924 vero
878 1869 983 1944 postea
1002 1865 1104 1924 lauda-
1219 1913 1220 1924 ,

199 1967 275 2034 biles
293 1968 326 2028 in
343 1968 400 2029 hoc
418 1987 527 2048 genere
547 1967 736 2038 exstiterrmt,
753 1968 925 2029 Graecorum
939 1989 1025 2048 quam
1044 1969 1104 2030 Ro·

200 2093 356 2134 manorum
380 2071 528 2132 artificum
553 2092 678 2132 numero
704 2073 816 2132 rectius
842 2072 881 2132 ad
906 2073 1104 2133 numerandos

199 2183 331 2258 arguunt
342 2177 408 2257 ipsa
420 2177 549 2252 nomina,
564 2177 716 2251 Pasiteles,
731 2177 907 2251 Arcesilaus,
917 2177 1103 2255 Polydectes‚

200 2282 381 2356 zenodorus,
409 2282 569 2342 Antinous.
620 2281 756 2358 Quorum
783 2283 886 2342 Graes
909 2301 980 2341 sane
1004 2280 1103 2360 stirps,

199 2385 288 2446 modo
300 2385 334 2444 in
347 2385 410 2446 solo
423 2385 534 2448 Latino
552 2386 677 2445 nutrita.
708 2385 875 2445 Nominum
895 2388 996 2443 autem
1013 2383 1104 2444 series
1218 2417 1219 2428 1

200 2489 334 2551 conferre
354 2509 605 2570 supervacaneum
624 2493 687 2548 est:
708 2487 839 2567 reliquiae
860 2491 1023 2566 supersunt
1044 2486 1103 2547 Ro·

199 2614 295 2654 mauae
308 2594 406 2668 nullae,
419 2593 479 2654 nisi
498 2592 620 2654 confuse
638 2591 671 2651 11
688 2591 784 2671 portis
801 2590 1032 2670 triumphalibus
1046 2591 1103 2650 ela·

199 2699 309 2759 boratae
325 2717 458 2778 pompae3
481 2697 591 2758 Graecae
609 2695 774 2776 permultae,
787 2714 887 2774 eaeque
904 2693 989 2768 tales,
1003 2694 1103 2774 quales

199 2803 310 2862 imitari
323 2821 411 2882 posse
424 2821 511 2861 nemo
529 2821 592 2861 non
609 2799 766 2860 maximam
783 2797 901 2858 laudem
919 2817 1001 2858 nuno
1018 2803 1103 2878 puta-

199 2912 256 2969 ret.
305 2905 440 2986 Longius
467 2925 538 2966 sane
565 2909 645 2964 esset
672 2903 803 2982 singulas
830 2911 909 2963 artes
936 2903 1102 2964 accuratius

199 3010 342 3085 conferre,
369 3009 523 3090 plasticen,
551 3009 744 3087 sculpturam,
770 3006 1006 3068 architecturam.
1058 3011 1102 3067 Ex

199 3113 308 3194 quibus
321 3133 360 3172 11
378 3112 434 3172 hac
447 3109 575 3191 quidem,
589 3110 721 3191 quamvis
738 3115 862 3190 propter
874 3131 963 3170 usum
982 3110 1102 3190 ingenio

199 3238 303 3278 eorum
316 3215 591 3285 accommodatiore,
601 3213 728 3274 Romani
743 3213 856 3275 Graecis
870 3235 957 3295 pares
969 3215 1101 3276 fuerunt.
1217 3189 1218 3238 l

201 3323 374 3384 Graecorum
389 3319 536 3401 Cyclopea
553 3319 603 3378 illa
616 3319 664 3378 vel
678 3318 830 3398 Pelasgica
842 3319 938 3394 initia,
952 3325 1101 3379 crescente

198 3425 329 3506 ingenio,
347 3423 477 3504 primum
498 3423 642 3484 Doricum
661 3422 746 3484 illum
766 3423 955 3504 simplicitate
975 3428 1006 3484 et
1026 3424 1101 3485 mole

422 3567 433 3602 ⁶
452 3571 648 3621 winkelmanu'c
659 3570 741 3623 Greek
752 3569 808 3628 Art,
820 3585 841 3618 c.
853 3571 876 3620 4.
