2470 4046
628 217 667 274 28

194 371 280 434 nolis.
321 373 407 434 Adeo
427 375 502 456 nihil
520 376 581 456 jam
603 377 639 438 de
660 378 799 440 castitate
820 377 871 438 illa
891 383 923 440 et
945 379 1107 440 mulierum

194 475 369 552 reverentia,
384 477 490 558 quibus
505 479 574 538 olim
587 485 672 540 vetus
683 481 778 539 Roma
790 479 922 540 nituerat
933 501 998 540 cum
1013 485 1030 514 “
1039 501 1106 542 rna·

194 589 288 640 tronae
306 601 415 642 nomen
434 582 546 662 profuit
567 583 662 658 urbi,'’
676 585 827 644 restabat:
852 579 985 646 conserta
1003 605 1105 645 exem·

193 685 252 766 plis
279 685 377 746 Taciti
403 692 435 747 et
463 687 617 747 Juvenalis
645 687 756 768 scripta
782 694 862 761 sunt,
890 710 954 767 quae
981 689 1104 764 docent,

195 796 306 869 quanto
339 791 386 850 vel
419 792 546 871 pessima
573 794 741 852 Graecorum
773 792 906 873 exempla
938 794 1104 854 excesserit

195 895 274 974 apud
294 897 440 955 Romanos
460 896 597 956 vitiorum
617 896 753 956 foeditas:
788 917 843 957 nec
865 897 1009 958 Cornelia
1033 919 1103 958 cum

196 997 288 1059 Liviis
302 1003 334 1058 et
348 999 521 1060 Messalinis
539 1001 664 1081 aequales
678 1022 743 1062 esse
757 1007 906 1082 poterant.
948 1002 1023 1062 Cum
1039 1021 1102 1061 mo·

194 1123 259 1162 rum
286 1107 385 1162 autem
411 1103 547 1165 foeditate
574 1125 686 1166 sunnna
712 1127 760 1168 ars
792 1106 963 1166 societatem
989 1107 1102 1168 habere

195 1209 309 1290 nequit.

236 1313 267 1372 N
269 1335 327 1374 unc
340 1314 378 1376 ad
391 1321 526 1395 quartum
545 1315 626 1390 illud,
641 1316 748 1398 dequo
766 1316 994 1378 instituentibus
1012 1315 1101 1376 nobis

196 1419 381 1498 propositum
394 1418 451 1480 fuit
465 1425 499 1480 ut
513 1421 697 1496 disseramus,
708 1423 859 1502 ingenium
872 1421 1099 1503 proficiscamur.

197 1523 235 1582 In
255 1543 321 1602 quo,
336 1529 370 1584 ut
389 1523 462 1584 mihi
481 1525 606 1600 videtur,
626 1527 720 1586 omnis
740 1526 803 1587 fere
822 1527 885 1586 haec
905 1525 1028 1606 quaestio
1047 1545 1101 1606 po-

195 1626 294 1686 nenda
320 1633 375 1687 est.
420 1627 499 1705 Quid
522 1629 621 1689 anun?
654 1629 805 1708 regionem
832 1629 957 1690 diximus
979 1627 1100 1688 nonnisi

196 1736 286 1808 prout
304 1730 483 1790 hilaritatem
499 1739 530 1792 et
546 1733 731 1812 concipiendi
744 1718 802 1792 uim
819 1739 916 1812 auget,
931 1733 989 1794 arti
1007 1733 1100 1792 inter-

196 1855 278 1908 esse3
304 1833 447 1896 instituta
465 1839 496 1896 et
516 1856 598 1898 sacra
616 1842 647 1896 et
666 1837 762 1898 civilia
780 1859 842 1898 non
860 1839 953 1917 magis
973 1837 1099 1898 fonuare

195 1939 356 2018 ingenium,
370 1960 456 2018 quam
475 1939 539 2020 ipsa
557 1941 594 2000 ab
612 1961 648 2000 co
663 1941 782 2002 formari
791 1968 799 2015 ;
819 1962 915 2004 mores
929 1962 965 2002 ex
978 1928 1100 2020 ingenio

195 2043 257 2104 fore
272 2043 391 2104 omnino
405 2045 551 2123 pendere3
572 2067 636 2125 quae
650 2046 747 2106 omnia
759 2045 853 2124 igitur
862 2045 980 2125 ingenio
995 2045 1098 2126 subjici

197 2149 316 2209 debent.
342 2149 498 2228 Ingenium
512 2156 610 2210 autem
624 2156 671 2210 est
684 2153 757 2212 artis
771 2143 862 2211 causa¹
871 2150 1010 2210 efficiens.
1039 2151 1098 2210 Ars

197 2254 276 2313 enim
295 2274 357 2313 non
378 2259 438 2314 tam
459 2275 515 2328 res,
534 2255 634 2334 quales
652 2255 786 2316 sensibus
806 2256 992 2336 percipimus,
1013 2276 1097 2335 quam

197 2363 355 2438 conceptas
373 2358 470 2418 animo
491 2359 604 2438 species
621 2360 685 2420 vult
705 2360 883 2440 exprimere:
908 2359 1031 2432 aliorum
1049 2379 1097 2418 au·

196 2471 257 2522 tem
271 2463 457 2542 ingeniorum
470 2464 534 2524 aliae
552 2469 641 2524 erunt
659 2465 780 2544 species,
795 2463 917 2543 ideoque
935 2464 1041 2523 artium
1056 2461 1098 2522 di-

196 2567 363 2627 versitates.
416 2565 668 2642 Quemadmodum
690 2587 760 2626 vero
784 2565 908 2644 singulis
931 2564 1097 2625 hominibus

198 2672 313 2732 diversa
335 2672 464 2751 ingenia,
490 2671 619 2731 diversas
642 2670 797 2730 facultates
821 2669 936 2728 innasci
958 2667 1097 2741 videmus,

198 2777 240 2837 sic
253 2782 296 2848 ut,
310 2776 388 2856 quod
405 2775 453 2834 hic
472 2774 634 2834 certissime
652 2773 756 2848 credit,
769 2773 814 2832 illi
832 2773 951 2832 omnino
968 2793 1030 2832 non
1047 2794 1097 2853 ap·

197 2890 309 2961 pareat,
327 2880 403 2960 quod
419 2879 467 2938 hic
487 2899 599 2940 summo
618 2899 706 2958 opere
727 2879 817 2958 cupit,
831 2877 880 2936 ille
899 2877 1017 2938 omnino
1036 2898 1096 2938 non

198 2992 299 3059 curet;
327 3006 392 3046 cum
410 2985 551 3064 gentibus
570 3003 684 3064 quoque
704 2983 748 3043 ita
769 3003 801 3043 se
819 3003 868 3044 res
889 2983 989 3043 habet.
1031 2983 1062 3042 N
1063 3003 1096 3042 ec

198 3092 349 3173 quisquam
369 3095 421 3149 aut
440 3091 601 3148 Romanam
621 3109 655 3148 ac
676 3089 809 3148 Graecam
829 3087 951 3148 eandem
970 3087 1096 3148 indolem

197 3195 297 3268 fuisse,
312 3198 363 3253 aut
374 3191 530 3270 Anglicam
544 3213 577 3252 ac
593 3191 745 3266 Gallicam,
760 3197 811 3252 aut
826 3193 987 3252 Asiaticam
1000 3213 1097 3272 quam-

199 3319 312 3378 cunque
326 3318 360 3358 ac
373 3297 578 3357 Americanam
591 3317 656 3356 esse
670 3297 832 3358 confirmet.
870 3297 928 3357 Sed
941 3297 1095 3377 unicuique
1160 3287 1188 3330 s*

199 3403 331 3484 gentium
355 3422 436 3481 aeque
458 3422 492 3462 ac
513 3401 663 3461 hominum
683 3402 801 3481 propria
821 3401 934 3461 indoles
954 3407 1096 3463 enatura

199 3509 286 3568 datur
309 3526 363 3585 pro
384 3527 480 3566 rerum
501 3505 728 3566 necessitatibus
750 3512 781 3566 et
801 3505 970 3565 muneribus
994 3505 1096 3585 cuique
