2470 4046
572 203 612 260 51

144 365 212 435 ceri,
226 368 258 421 at
270 367 390 440 gustare
406 365 546 442 singulas,
559 366 585 422 si
599 366 642 422 its
655 361 757 433 dicem,
771 367 803 420 et
818 359 953 420 delibare.
995 357 1042 418 Ut

143 471 177 526 in
200 466 407 537 Themistocle,
428 487 495 527 cum
518 467 557 527 ud
576 486 706 526 mensam
728 469 828 524 nescio
850 467 897 523 cui
921 483 988 522 eum
1008 469 1042 520 ut

143 576 264 630 caneret
276 575 393 650 roganti
406 591 438 630 se
451 591 538 651 posse
551 571 690 650 negabat,
702 569 871 630 illiberslius
889 567 920 628 id
932 567 1042 626 videre-

143 683 203 736 tur.
244 675 348 734 Iiceat
362 695 478 753 quoque
498 675 631 736 Platonis
650 674 782 754 exemplo
802 675 855 746 uti,
873 675 933 750 qui,
951 692 1041 748 qunn-

144 803 231 858 quam
244 787 276 841 in
288 789 367 842 artes
381 785 550 842 imitatrices
566 785 693 861 graviter
710 785 853 853 invectim,
866 782 929 859 ipsc
942 783 1042 838 tamen

143 889 248 944 artium
272 886 501 946 studiosissimus
523 887 658 946 traditur.
701 886 790 962 Quod
807 905 869 944 non
887 889 1044 963 propterea

143 989 236 1048 solum
249 989 368 1069 profuit,
382 990 460 1068 quod
473 1010 531 1067 quo
544 993 607 1070 ipse
614 1010 722 1070 genere
731 995 763 1048 et
773 991 892 1068 ingenio
901 993 1041 1066 prestan-

142 1096 234 1152 tiores
247 1096 309 1152 sint
326 1113 362 1154 eo
380 1093 503 1154 elatiora
521 1095 648 1154 artifices
668 1099 739 1154 sunt
752 1095 930 1172 concepturi,
943 1113 1040 1150 verum

141 1196 174 1256 id
190 1200 287 1275 ipsum
300 1197 416 1277 judices
429 1198 537 1258 habere
549 1198 664 1259 nobiles
677 1206 709 1258 st
721 1198 798 1259 bene
816 1200 978 1265 institutos,
992 1199 1042 1272 qui

141 1299 230 1359 iidem
239 1307 271 1359 et
283 1304 371 1380 periti
380 1304 452 1361 artis
466 1307 497 1361 et
511 1303 667 1382 diligentes
680 1305 750 1376 sint,
763 1301 939 1381 permultum
953 1299 1040 1358 valet

143 1404 289 1480 Quoniam
309 1408 387 1464 enim
407 1406 521 1485 placere
541 1407 647 1468 artifex
664 1407 836 1487 plerumque
855 1404 928 1477 vult,
941 1407 1040 1482 magni

141 1515 276 1584 interest,
291 1512 396 1589 quibus
408 1513 582 1591 placendum
596 1515 644 1572 sit.

183 1615 257 1690 Quae
278 1637 367 1692 quum
388 1620 431 1676 ita
450 1621 519 1690 sint,
532 1637 634 1676 causas
654 1617 718 1696 ejus
737 1616 774 1676 dc
794 1636 851 1694 quo
869 1635 949 1676 mmo
962 1635 1039 1692 quse·

140 1719 225 1788 titur,
246 1739 308 1780 non
331 1723 394 1800 opti
407 1747 412 1777 1
425 1741 457 1780 as
478 1721 574 1794 credo,
599 1721 677 1780 haud
700 1723 762 1780 scio
788 1741 827 1779 sn
853 1739 944 1790 veras,
968 1739 1040 1796 quas

140 1830 241 1882 tamen
253 1824 356 1896 habeo,
366 1825 429 1904 jem
442 1829 475 1884 in
493 1826 559 1886 med
582 1849 617 1882 un
637 1826 754 1905 protuli.
797 1824 888 1899 Quas,
903 1816 1055 1900 quaecun·'

141 1947 198 2002 que
211 1931 281 2000 sint,
294 1928 382 1988 liceat
395 1929 477 1988 brevi
509 1949 655 1988 coensere.
697 1930 873 1988 Universum
890 1947 1040 1986 causarum

142 2035 332 2104 questionem
351 2035 384 2090 in
405 2031 478 2090 dues
495 2037 596 2110 partes
616 2033 773 2102 divis'mis,
792 2052 913 2109 quarum
933 2051 993 2090 una
1008 2033 1041 2090 in

140 2141 271 2212 gentium
288 2136 514 2209 diversitatibus,
530 2136 625 2196 alters
644 2139 676 2195 in
691 2139 755 2216 ipsa
774 2141 839 2196 arte
858 2139 1038 2196 continetur.

143 2239 284 2301 Gentium
297 2247 397 2302 autem
407 2242 592 2300 diversitates
602 2244 730 2318 quinque
742 2239 873 2312 fecimus,
882 2242 1039 2318 regionem,

138 2345 317 2424 religionem,
328 2348 474 2416 instituta,
483 2347 752 2423 mores,ingenium.
776 2344 919 2422 Regionis
929 2343 1039 2404 Graece

138 2450 249 2508 oethers
272 2452 442 2508 convenisse
465 2451 523 2508 arti
544 2447 677 2519 diximus,
702 2450 771 2526 quia
791 2447 929 2508 hilaritati
951 2454 1039 2526 aptus

138 2549 214 2624 fuit;
235 2552 287 2612 sed
305 2573 420 2612 causam
437 2553 511 2632 ejus,
525 2552 562 2613 de
582 2573 641 2630 quo
660 2555 823 2631 querimus,
837 2571 902 2612 esse
921 2555 1039 2630 negavi-

139 2676 212 2728 mus,
234 2659 303 2733 quia
322 2677 378 2716 nec
401 2657 543 2718 Romans
566 2657 658 2716 aether
679 2656 879 2718 incommodus
898 2655 964 2728 fuit,
985 2675 1037 2714 nec

139 2767 217 2818 artes
243 2761 345 2820 etheri
368 2780 482 2838 semper
508 2762 686 2841 respondere
709 2761 849 2842 exemplis
871 2761 1036 2822 docuimus:

140 2864 229 2919 eitum
244 2863 354 2922 Grecis
375 2885 461 2940 quam
478 2865 620 2926 Romauis
638 2868 786 2928 meliorem
798 2867 889 2926 fuisse
909 2865 1038 2924 ostendi·

140 2983 213 3036 mus,
223 2984 288 3022 cum
298 2970 418 3044 propter
427 2976 595 3028 mercaturae
606 2973 864 3048 opportunitatem,
872 2975 937 3028 tum
950 2971 1037 3028 etim

139 3071 208 3146 quia
220 3071 252 3128 in
264 3074 310 3127 tot
321 3072 454 3128 civitates
464 3069 556 3130 divisa
567 3073 682 3133 Grecis
691 3076 904 3134 emulationem
913 3078 1037 3153 peperit,

139 3193 204 3251 quoe
217 3176 249 3234 in
263 3193 322 3232 uuo
335 3174 468 3233 Romano
481 3176 601 3254 imperio
614 3196 754 3236 essenon
765 3180 871 3256 potuit.
905 3177 1036 3256 Religio-

139 3299 206 3338 nem
222 3299 291 3340 vero
305 3278 429 3338 diximus
446 3279 579 3340 Graecam
597 3291 716 3361 propter
733 3301 887 3342 numerum
907 3282 1036 3342 Deorum

139 3393 170 3443 et
183 3389 303 3444 natiuas
316 3385 371 3442 arti
384 3385 555 3444 convenisse
566 3409 574 3456 ;
594 3405 659 3462 qun
673 3391 704 3444 et
717 3406 754 3446 ex
766 3391 919 3466 poctarum
930 3386 1036 3448 fabulis

138 3488 330 3568 pulcherrima
349 3491 416 3548 orta
434 3492 490 3563 est,
505 3493 538 3550 et
557 3491 589 3549 in
607 3489 732 3570 templis,
750 3489 876 3571 hymnis,
895 3489 981 3558 ludis,
998 3493 1036 3550 si-
