2470 4046
584 215 622 270 lo

153 369 220 446 quis
238 368 408 428 excellentis
430 369 502 448 quid
521 370 664 430 conficere
680 370 760 443 velit,
774 390 895 430 menum
915 370 1051 448 dirigere.

151 475 222 534 Hsc
238 479 302 534 erte
322 495 354 534 se
373 475 466 553 signis
487 475 548 534 suis
562 476 699 548 divinem,
714 496 779 556 quae
792 475 825 534 in
838 475 896 534 illis
912 474 980 548 finit,
994 495 1053 533 ms·

148 579 289 659 jestntem
315 579 462 640 addidisse
490 580 610 640 Phidiss
640 579 736 652 docet,
763 599 830 639 cum
856 578 1054 658 interroganti

151 684 252 744 nescio
272 683 329 757 cui,
343 684 379 744 de
397 705 456 760 quo
472 685 605 764 exemplo
622 685 727 744 Jovem
745 684 827 743 illum
847 683 1053 764 Olympincum

151 793 307 848 mutuatus
320 795 408 862 esset,
422 790 624 869 responderet,
638 790 674 849 de
689 790 815 849 Homeri
827 789 970 849 versibus.
1000 790 1051 848 In-

151 893 347 972 telligendum
359 894 440 952 enim
453 895 580 954 Homeri
592 895 726 954 versibus
742 895 853 954 elotum
866 894 958 954 fuisse
971 895 1051 954 illius

152 997 281 1057 animum
299 1003 331 1057 et
350 1018 386 1058 eo
404 999 532 1058 excitum
552 1006 587 1058 ut
601 999 753 1060 sublimem
767 999 846 1058 illum
861 1019 979 1058 summae
993 1020 1051 1059 ms·

147 1103 268 1183 jeststis
287 1104 412 1183 speciem
435 1105 612 1185 conciperet.
655 1105 743 1180 Quod
762 1105 839 1164 idem
861 1103 898 1164 de
919 1104 1051 1181 reliquis,

151 1208 203 1287 qui
212 1213 282 1287 post
292 1209 589 1283 erent,credcndum;
607 1210 877 1287 quisdHomerum
887 1214 919 1268 et
929 1214 1051 1269 caeteros

151 1321 265 1392 poetes,
278 1312 359 1372 unde
378 1311 467 1372 vitem
487 1333 521 1372 sc
541 1314 750 1392 proprietatem
771 1313 910 1393 operibus
929 1313 1050 1392 inspire-

151 1422 230 1488 rent,
245 1435 276 1474 se
295 1416 456 1476 contulisse
474 1417 612 1476 memoris
630 1418 800 1478 traduntur.
844 1415 932 1492 Quod
950 1417 976 1475 si
988 1417 1051 1475 imi·

152 1520 251 1580 tandis
269 1519 359 1580 rebus
371 1520 508 1580 nonnulli
524 1541 641 1600 opernm
660 1522 779 1596 debent,
792 1527 828 1582 ut
847 1521 953 1580 Zeuxis
971 1542 1052 1597 uvas,
1078 1563 1081 1568 -

153 1623 327 1684 Pnrrhssius
346 1624 471 1684 linteum
491 1626 574 1686 nullo
593 1627 655 1686 veri
674 1627 840 1686 discrimine
858 1626 989 1706 pinxisse
1009 1626 1052 1686 se-

152 1735 269 1802 runtur,
284 1734 315 1788 st
328 1749 390 1788 non
406 1729 439 1790 hi
453 1730 616 1790 effecerimt
629 1737 664 1790 ut
683 1737 835 1810 superstes
852 1731 931 1790 vivet
946 1731 1051 1792 Graecs

152 1854 208 1908 ers,
227 1833 281 1894 sed
301 1833 413 1894 Phidiae
432 1854 529 1914 opere,
549 1835 601 1894 sed
622 1835 794 1896 Parthenon
814 1843 847 1896 et
869 1835 915 1895 his
938 1837 1049 1896 similis.

155 1939 237 2014 Quin
264 1938 340 1998 idem
368 1940 483 2012 Zeuxis,
505 1960 570 1998 cum
595 1940 724 2000 Junonis
746 1941 869 2020 effigiem
891 1943 1050 2020 Agrigenti

153 2045 287 2121 pictruus
305 2043 402 2120 essetss
412 2045 543 2120 quinque
562 2043 773 2122 pulcherrimas
791 2065 827 2104 ex
845 2046 1051 2123 Agrigentinis

156 2146 263 2226 delegit
276 2149 412 2226 virgines,
426 2168 547 2226 quarum
563 2147 772 2227 pulcherrimas
790 2150 934 2229 cujusque
952 2159 1051 2228 partes

154 2254 186 2310 in
205 2273 291 2312 unsm
319 2273 355 2311 ex
382 2254 462 2312 omni
489 2258 572 2332 perte
596 2252 758 2332 perfectam
781 2257 907 2333 speciem
929 2255 1051 2334 conjun-

152 2361 244 2434 geret.
287 2356 384 2431 Quem
409 2356 638 2436 pulchritudinis
664 2357 881 2418 conformsndae
906 2358 1052 2418 rationem

152 2481 219 2520 cum
233 2461 283 2520 ille
298 2461 407 2520 Phidiae
421 2460 590 2540 Rsphselus
603 2462 653 2520 ille
667 2465 709 2520 ite
722 2461 854 2522 confert:
876 2462 948 2522 “Ut
960 2484 1052 2524 unsm

151 2565 284 2644 perfecte
301 2565 454 2644 pulchram
474 2565 596 2624 formem
616 2570 726 2646 possim
743 2570 874 2646 pingere,
889 2569 1051 2648 permultas

151 2669 290 2748 pulchras
312 2669 421 2728 formes
438 2670 536 2730 videre
549 2692 669 2731 necesse
681 2679 762 2732 estu:
783 2691 802 2731 e
822 2693 967 2750 quocum
987 2673 1051 2752 pul-

152 2773 288 2832 chrarum
308 2773 505 2853 infrequentis
523 2776 669 2854 prohibet,
683 2781 810 2857 speeiem
828 2777 972 2857 quendem
986 2779 1052 2858 pul·

154 2878 337 2952 chritudinis‚
354 2901 419 2959 quae
440 2883 511 2940 mihi
530 2885 708 2960 ostenditur,
724 2887 862 2963 sequor.''
904 2889 946 2946 Et
966 2887 1050 2945 simili

153 2982 250 3050 modo,
258 3003 325 3041 cum
334 2985 552 3063 Archangelum
560 2989 732 3049 Michaelem
741 2994 863 3070 pingere
870 2991 967 3064 vellet,
978 2991 1051 3052 Gui-

154 3086 261 3147 donem
283 3087 365 3146 illum
390 3089 566 3150 scribentem
587 3097 760 3174 accepimus,
783 3094 838 3155 sibi
859 3099 967 3155 mentis
989 3099 1051 3157 scio

152 3195 243 3252 visam
269 3192 497 3271 pulchritudinis
530 3200 654 3276 speeiem
685 3199 813 3260 humens
843 3205 1050 3280 augustiorem,

152 3318 239 3376 quem
261 3303 297 3358 ut
316 3299 470 3378 exprimat,
491 3321 523 3360 se
545 3304 687 3364 nisurum.
729 3304 819 3381 Quod
837 3306 913 3366 idem
935 3327 1050 3386 quoque

151 3423 254 3464 omncs
266 3403 412 3472 fecerunt,
426 3407 477 3482 qui
492 3405 603 3466 Christi
623 3415 676 3468 sut
692 3408 803 3470 Christi
821 3414 922 3471 matris
940 3411 1050 3492 effigies

404 3521 417 3546 ¹
436 3513 644 3566 ii'inckelmsnn's
656 3517 736 3568 Greek
747 3519 801 3568 Art.
