<?xml version="1.0" encoding="UTF-8"?>
<!DOCTYPE html PUBLIC "-//W3C//DTD XHTML 1.0 Transitional//EN"
    "http://www.w3.org/TR/xhtml1/DTD/xhtml1-transitional.dtd">
<html xmlns="http://www.w3.org/1999/xhtml" xml:lang="en" lang="en">
 <head>
  <title>
</title>
<meta http-equiv="Content-Type" content="text/html;charset=utf-8" />
  <meta name='ocr-system' content='tesseract 3.04.00' />
  <meta name='ocr-capabilities' content='ocr_page ocr_carea ocr_par ocr_line ocrx_word'/>
</head>
<body>
  <div class='ocr_page' id='page_1' title='image "./qunamprcipuecau00riddgoog_0055.png"; bbox 0 0 2470 4046; ppageno 0'>
   <div class='ocr_carea' id='block_1_1' title="bbox 604 195 644 251">
    <p class='ocr_par' dir='ltr' id='par_1_1' title="bbox 604 195 644 251">
     <span class='ocr_line' id='line_1_1' title="bbox 604 195 644 251; baseline 0.025 -1"><span class='ocrx_word' id='word_1_1' title='bbox 604 195 644 251; x_wconf 82' lang='lat'><strong>46</strong></span> 
     </span>
    </p>
   </div>
   <div class='ocr_carea' id='block_1_2' title="bbox 167 365 1083 3462">
    <p class='ocr_par' dir='ltr' id='par_1_2' title="bbox 167 365 1082 3271">
     <span class='ocr_line' id='line_1_2' title="bbox 170 365 1070 446; baseline 0.004 -22"><span class='ocrx_word' id='word_1_2' title='bbox 170 365 347 444; x_wconf 77' lang='lat' dir='ltr'><strong>pinxerunt:</strong></span> <span class='ocrx_word' id='word_1_3' title='bbox 382 386 481 442; x_wconf 90' lang='lat' dir='ltr'><strong>quum,</strong></span> <span class='ocrx_word' id='word_1_4' title='bbox 508 386 570 425; x_wconf 90' lang='lat' dir='ltr'><strong>non</strong></span> <span class='ocrx_word' id='word_1_5' title='bbox 596 367 805 436; x_wconf 82' lang='lat' dir='ltr'><strong>animadverso,</strong></span> <span class='ocrx_word' id='word_1_6' title='bbox 833 367 935 445; x_wconf 88' lang='lat' dir='ltr'><strong>quales</strong></span> <span class='ocrx_word' id='word_1_7' title='bbox 965 387 1070 446; x_wconf 78' lang='lat' dir='ltr'><strong>reapse</strong></span> 
     </span>
     <span class='ocr_line' id='line_1_3' title="bbox 168 467 1070 551; baseline 0.006 -24"><span class='ocrx_word' id='word_1_8' title='bbox 168 467 269 528; x_wconf 81' lang='lat' dir='ltr'><strong>formae</strong></span> <span class='ocrx_word' id='word_1_9' title='bbox 281 469 401 543; x_wconf 77' lang='lat' dir='ltr'><strong>suerint,</strong></span> <span class='ocrx_word' id='word_1_10' title='bbox 416 469 500 529; x_wconf 92' lang='lat' dir='ltr'><strong>modo</strong></span> <span class='ocrx_word' id='word_1_11' title='bbox 514 491 635 529; x_wconf 77' lang='lat' dir='ltr'><strong>summae</strong></span> <span class='ocrx_word' id='word_1_12' title='bbox 652 473 772 550; x_wconf 86' lang='lat' dir='ltr'><strong>pietatis</strong></span> <span class='ocrx_word' id='word_1_13' title='bbox 792 477 824 531; x_wconf 88' lang='lat' dir='ltr'><strong>et</strong></span> <span class='ocrx_word' id='word_1_14' title='bbox 839 471 1070 551; x_wconf 81' lang='lat' dir='ltr'><strong>pulchritudinis</strong></span> 
     </span>
     <span class='ocr_line' id='line_1_4' title="bbox 170 574 1072 656; baseline 0.004 -26"><span class='ocrx_word' id='word_1_15' title='bbox 170 575 282 652; x_wconf 86' lang='lat' dir='ltr'><strong>species</strong></span> <span class='ocrx_word' id='word_1_16' title='bbox 296 576 457 653; x_wconf 84' lang='lat' dir='ltr'><strong>exprimere</strong></span> <span class='ocrx_word' id='word_1_17' title='bbox 475 574 667 634; x_wconf 88' lang='lat' dir='ltr'><strong>conabantur.</strong></span> <span class='ocrx_word' id='word_1_18' title='bbox 708 576 740 634; x_wconf 90' lang='lat' dir='ltr'>N</span> <span class='ocrx_word' id='word_1_19' title='bbox 741 596 775 638; x_wconf 87' lang='lat' dir='ltr'><strong>ec</strong></span> <span class='ocrx_word' id='word_1_20' title='bbox 793 578 947 656; x_wconf 87' lang='lat' dir='ltr'><strong>quicquam</strong></span> <span class='ocrx_word' id='word_1_21' title='bbox 961 579 1072 655; x_wconf 86' lang='lat' dir='ltr'><strong>egregii</strong></span> 
     </span>
     <span class='ocr_line' id='line_1_5' title="bbox 171 678 1072 756; baseline 0.003 -20"><span class='ocrx_word' id='word_1_22' title='bbox 171 678 292 756; x_wconf 83' lang='lat' dir='ltr'><strong>simplex</strong></span> <span class='ocrx_word' id='word_1_23' title='bbox 306 680 430 737; x_wconf 78' lang='lat' dir='ltr'><strong>imitatio</strong></span> <span class='ocrx_word' id='word_1_24' title='bbox 449 699 579 755; x_wconf 89' lang='lat' dir='ltr'><strong>unquam</strong></span> <span class='ocrx_word' id='word_1_25' title='bbox 595 679 701 739; x_wconf 89' lang='lat' dir='ltr'><strong>effecit.</strong></span> <span class='ocrx_word' id='word_1_26' title='bbox 744 680 940 756; x_wconf 77' lang='lat' dir='ltr'><strong>Quamobrem</strong></span> <span class='ocrx_word' id='word_1_27' title='bbox 952 701 1014 740; x_wconf 93' lang='lat' dir='ltr'><strong>non</strong></span> <span class='ocrx_word' id='word_1_28' title='bbox 1027 683 1072 739; x_wconf 90' lang='lat' dir='ltr'><strong>in·</strong></span> 
     </span>
     <span class='ocr_line' id='line_1_6' title="bbox 167 781 1072 862; baseline -0.002 -19"><span class='ocrx_word' id='word_1_29' title='bbox 167 781 248 860; x_wconf 81' lang='lat' dir='ltr'><strong>juria</strong></span> <span class='ocrx_word' id='word_1_30' title='bbox 260 782 386 841; x_wconf 83' lang='lat' dir='ltr'><strong>Romani</strong></span> <span class='ocrx_word' id='word_1_31' title='bbox 402 783 513 842; x_wconf 82' lang='lat' dir='ltr'><strong>Graecis</strong></span> <span class='ocrx_word' id='word_1_32' title='bbox 527 786 652 862; x_wconf 85' lang='lat' dir='ltr'><strong>impares</strong></span> <span class='ocrx_word' id='word_1_33' title='bbox 666 790 834 848; x_wconf 76' lang='lat' dir='ltr'><strong>evaserrmt.</strong></span> <span class='ocrx_word' id='word_1_34' title='bbox 876 785 977 844; x_wconf 83' lang='lat' dir='ltr'><strong>Romae</strong></span> <span class='ocrx_word' id='word_1_35' title='bbox 991 789 1072 843; x_wconf 89' lang='lat' dir='ltr'><strong>enim</strong></span> 
     </span>
     <span class='ocr_line' id='line_1_7' title="bbox 171 887 1074 970; baseline 0.003 -25"><span class='ocrx_word' id='word_1_36' title='bbox 171 887 316 966; x_wconf 74' lang='lat' dir='ltr'><strong>indigenae</strong></span> <span class='ocrx_word' id='word_1_37' title='bbox 329 893 408 947; x_wconf 87' lang='lat' dir='ltr'><strong>artes</strong></span> <span class='ocrx_word' id='word_1_38' title='bbox 428 887 517 946; x_wconf 83' lang='lat' dir='ltr'><strong>nulloe</strong></span> <span class='ocrx_word' id='word_1_39' title='bbox 535 893 645 948; x_wconf 83' lang='lat' dir='ltr'><strong>exortae</strong></span> <span class='ocrx_word' id='word_1_40' title='bbox 666 894 746 962; x_wconf 89' lang='lat' dir='ltr'><strong>sunt,</strong></span> <span class='ocrx_word' id='word_1_41' title='bbox 761 889 812 948; x_wconf 93' lang='lat' dir='ltr'><strong>sed</strong></span> <span class='ocrx_word' id='word_1_42' title='bbox 825 894 982 970; x_wconf 83' lang='lat' dir='ltr'><strong>postquem</strong></span> <span class='ocrx_word' id='word_1_43' title='bbox 995 890 1074 948; x_wconf 83' lang='lat' dir='ltr'><strong>victa</strong></span> 
     </span>
     <span class='ocr_line' id='line_1_8' title="bbox 173 992 1073 1076; baseline 0 -24"><span class='ocrx_word' id='word_1_44' title='bbox 173 993 288 1052; x_wconf 82' lang='lat' dir='ltr'><strong>Graecia</strong></span> <span class='ocrx_word' id='word_1_45' title='bbox 309 992 489 1072; x_wconf 82' lang='lat' dir='ltr'><strong>direptisque</strong></span> <span class='ocrx_word' id='word_1_46' title='bbox 511 993 625 1073; x_wconf 89' lang='lat' dir='ltr'><strong>oppidis</strong></span> <span class='ocrx_word' id='word_1_47' title='bbox 649 997 819 1054; x_wconf 78' lang='lat' dir='ltr'><strong>immensam</strong></span> <span class='ocrx_word' id='word_1_48' title='bbox 843 998 1002 1076; x_wconf 78' lang='lat' dir='ltr'><strong>signorum,</strong></span> <span class='ocrx_word' id='word_1_49' title='bbox 1024 1014 1073 1053; x_wconf 85' lang='lat' dir='ltr'><strong>va·</strong></span> 
     </span>
     <span class='ocr_line' id='line_1_9' title="bbox 171 1097 1075 1178; baseline 0 -22"><span class='ocrx_word' id='word_1_50' title='bbox 171 1118 279 1167; x_wconf 88' lang='lat' dir='ltr'><strong>sorum,</strong></span> <span class='ocrx_word' id='word_1_51' title='bbox 301 1097 481 1174; x_wconf 88' lang='lat' dir='ltr'><strong>aliorumque</strong></span> <span class='ocrx_word' id='word_1_52' title='bbox 502 1119 625 1178; x_wconf 86' lang='lat' dir='ltr'><strong>operum</strong></span> <span class='ocrx_word' id='word_1_53' title='bbox 645 1099 772 1178; x_wconf 83' lang='lat' dir='ltr'><strong>praedam</strong></span> <span class='ocrx_word' id='word_1_54' title='bbox 796 1099 932 1160; x_wconf 86' lang='lat' dir='ltr'><strong>consules</strong></span> <span class='ocrx_word' id='word_1_55' title='bbox 953 1105 984 1158; x_wconf 88' lang='lat' dir='ltr'><strong>ct</strong></span> <span class='ocrx_word' id='word_1_56' title='bbox 1005 1117 1075 1158; x_wconf 90' lang='lat' dir='ltr'><strong>con-</strong></span> 
     </span>
     <span class='ocr_line' id='line_1_10' title="bbox 171 1205 1074 1286; baseline 0.002 -22"><span class='ocrx_word' id='word_1_57' title='bbox 171 1205 283 1264; x_wconf 83' lang='lat' dir='ltr'><strong>sulares</strong></span> <span class='ocrx_word' id='word_1_58' title='bbox 297 1209 442 1266; x_wconf 81' lang='lat' dir='ltr'><strong>exercitus</strong></span> <span class='ocrx_word' id='word_1_59' title='bbox 455 1212 688 1286; x_wconf 81' lang='lat' dir='ltr'><strong>reportaverant,</strong></span> <span class='ocrx_word' id='word_1_60' title='bbox 698 1227 797 1266; x_wconf 91' lang='lat' dir='ltr'><strong>rerum</strong></span> <span class='ocrx_word' id='word_1_61' title='bbox 807 1211 940 1270; x_wconf 86' lang='lat' dir='ltr'><strong>novitate</strong></span> <span class='ocrx_word' id='word_1_62' title='bbox 950 1210 1074 1266; x_wconf 84' lang='lat' dir='ltr'><strong>attoniti</strong></span> 
     </span>
     <span class='ocr_line' id='line_1_11' title="bbox 171 1309 1077 1389; baseline 0.003 -23"><span class='ocrx_word' id='word_1_63' title='bbox 171 1309 298 1368; x_wconf 84' lang='lat' dir='ltr'><strong>artifices</strong></span> <span class='ocrx_word' id='word_1_64' title='bbox 321 1309 358 1368; x_wconf 88' lang='lat' dir='ltr'><strong>ad</strong></span> <span class='ocrx_word' id='word_1_65' title='bbox 381 1309 554 1368; x_wconf 90' lang='lat' dir='ltr'><strong>imitandum</strong></span> <span class='ocrx_word' id='word_1_66' title='bbox 577 1310 723 1389; x_wconf 90' lang='lat' dir='ltr'><strong>extemplo</strong></span> <span class='ocrx_word' id='word_1_67' title='bbox 744 1310 925 1370; x_wconf 86' lang='lat' dir='ltr'><strong>ferebantur.</strong></span> <span class='ocrx_word' id='word_1_68' title='bbox 967 1310 1077 1369; x_wconf 84' lang='lat' dir='ltr'><strong>Aliena</strong></span> 
     </span>
     <span class='ocr_line' id='line_1_12' title="bbox 171 1413 1075 1492; baseline 0.004 -22"><span class='ocrx_word' id='word_1_69' title='bbox 171 1417 271 1470; x_wconf 87' lang='lat' dir='ltr'><strong>autem</strong></span> <span class='ocrx_word' id='word_1_70' title='bbox 284 1413 425 1472; x_wconf 90' lang='lat' dir='ltr'><strong>imitando</strong></span> <span class='ocrx_word' id='word_1_71' title='bbox 439 1416 584 1492; x_wconf 84' lang='lat' dir='ltr'><strong>spirantia</strong></span> <span class='ocrx_word' id='word_1_72' title='bbox 594 1417 686 1492; x_wconf 87' lang='lat' dir='ltr'><strong>signa,</strong></span> <span class='ocrx_word' id='word_1_73' title='bbox 696 1420 749 1473; x_wconf 90' lang='lat' dir='ltr'><strong>aut</strong></span> <span class='ocrx_word' id='word_1_74' title='bbox 758 1417 838 1474; x_wconf 84' lang='lat' dir='ltr'><strong>vivos</strong></span> <span class='ocrx_word' id='word_1_75' title='bbox 851 1415 952 1478; x_wconf 83' lang='lat' dir='ltr'><strong>vultus</strong></span> <span class='ocrx_word' id='word_1_76' title='bbox 966 1415 1075 1474; x_wconf 87' lang='lat' dir='ltr'><strong>ducere</strong></span> 
     </span>
     <span class='ocr_line' id='line_1_13' title="bbox 171 1518 1074 1598; baseline 0.003 -23"><span class='ocrx_word' id='word_1_77' title='bbox 171 1537 257 1576; x_wconf 90' lang='lat' dir='ltr'><strong>nemo</strong></span> <span class='ocrx_word' id='word_1_78' title='bbox 278 1522 387 1598; x_wconf 90' lang='lat' dir='ltr'><strong>potest.</strong></span> <span class='ocrx_word' id='word_1_79' title='bbox 429 1518 519 1577; x_wconf 90' lang='lat' dir='ltr'><strong>Unde</strong></span> <span class='ocrx_word' id='word_1_80' title='bbox 542 1519 654 1579; x_wconf 89' lang='lat' dir='ltr'><strong>factum</strong></span> <span class='ocrx_word' id='word_1_81' title='bbox 674 1524 710 1578; x_wconf 91' lang='lat' dir='ltr'><strong>ut</strong></span> <span class='ocrx_word' id='word_1_82' title='bbox 730 1522 800 1598; x_wconf 85' lang='lat' dir='ltr'><strong>ipsae</strong></span> <span class='ocrx_word' id='word_1_83' title='bbox 820 1522 949 1582; x_wconf 84' lang='lat' dir='ltr'><strong>victoriae</strong></span> <span class='ocrx_word' id='word_1_84' title='bbox 970 1521 1074 1578; x_wconf 84' lang='lat' dir='ltr'><strong>Roma-</strong></span> 
     </span>
     <span class='ocr_line' id='line_1_14' title="bbox 171 1627 1076 1706; baseline 0.001 -21"><span class='ocrx_word' id='word_1_85' title='bbox 171 1647 277 1685; x_wconf 89' lang='lat' dir='ltr'><strong>norum</strong></span> <span class='ocrx_word' id='word_1_86' title='bbox 291 1627 405 1686; x_wconf 90' lang='lat' dir='ltr'><strong>artibus</strong></span> <span class='ocrx_word' id='word_1_87' title='bbox 423 1627 583 1686; x_wconf 89' lang='lat' dir='ltr'><strong>officerent.</strong></span> <span class='ocrx_word' id='word_1_88' title='bbox 626 1627 701 1688; x_wconf 79' lang='lat' dir='ltr'><strong>Cum</strong></span> <span class='ocrx_word' id='word_1_89' title='bbox 717 1630 795 1686; x_wconf 90' lang='lat' dir='ltr'><strong>enim</strong></span> <span class='ocrx_word' id='word_1_90' title='bbox 815 1633 956 1688; x_wconf 80' lang='lat' dir='ltr'><strong>extenta</strong></span> <span class='ocrx_word' id='word_1_91' title='bbox 976 1630 1076 1706; x_wconf 86' lang='lat' dir='ltr'><strong>inopia</strong></span> 
     </span>
     <span class='ocr_line' id='line_1_15' title="bbox 172 1731 1072 1811; baseline 0.002 -22"><span class='ocrx_word' id='word_1_92' title='bbox 172 1734 204 1790; x_wconf 91' lang='lat' dir='ltr'><strong>in</strong></span> <span class='ocrx_word' id='word_1_93' title='bbox 223 1736 337 1790; x_wconf 89' lang='lat' dir='ltr'><strong>tantam</strong></span> <span class='ocrx_word' id='word_1_94' title='bbox 357 1733 469 1811; x_wconf 88' lang='lat' dir='ltr'><strong>copiam</strong></span> <span class='ocrx_word' id='word_1_95' title='bbox 488 1736 612 1811; x_wconf 90' lang='lat' dir='ltr'><strong>repente</strong></span> <span class='ocrx_word' id='word_1_96' title='bbox 629 1731 712 1791; x_wconf 84' lang='lat' dir='ltr'><strong>nulla</strong></span> <span class='ocrx_word' id='word_1_97' title='bbox 728 1734 915 1792; x_wconf 84' lang='lat' dir='ltr'><strong>institutione</strong></span> <span class='ocrx_word' id='word_1_98' title='bbox 934 1731 1072 1794; x_wconf 86' lang='lat' dir='ltr'><strong>suecede-</strong></span> 
     </span>
     <span class='ocr_line' id='line_1_16' title="bbox 172 1834 1077 1915; baseline 0 -21"><span class='ocrx_word' id='word_1_99' title='bbox 172 1839 250 1908; x_wconf 87' lang='lat' dir='ltr'><strong>rent,</strong></span> <span class='ocrx_word' id='word_1_100' title='bbox 264 1835 359 1893; x_wconf 87' lang='lat' dir='ltr'><strong>aliena</strong></span> <span class='ocrx_word' id='word_1_101' title='bbox 378 1834 522 1906; x_wconf 88' lang='lat' dir='ltr'><strong>admirari,</strong></span> <span class='ocrx_word' id='word_1_102' title='bbox 538 1834 694 1915; x_wconf 87' lang='lat' dir='ltr'><strong>desperare</strong></span> <span class='ocrx_word' id='word_1_103' title='bbox 715 1835 752 1894; x_wconf 93' lang='lat' dir='ltr'><strong>de</strong></span> <span class='ocrx_word' id='word_1_104' title='bbox 773 1837 834 1894; x_wconf 87' lang='lat' dir='ltr'><strong>suis</strong></span> <span class='ocrx_word' id='word_1_105' title='bbox 854 1840 963 1898; x_wconf 86' lang='lat' dir='ltr'><strong>natura</strong></span> <span class='ocrx_word' id='word_1_106' title='bbox 982 1854 1077 1913; x_wconf 88' lang='lat' dir='ltr'><strong>coepc·</strong></span> 
     </span>
     <span class='ocr_line' id='line_1_17' title="bbox 172 1940 1076 2018; baseline -0.002 -20"><span class='ocrx_word' id='word_1_107' title='bbox 172 1946 254 1998; x_wconf 87' lang='lat' dir='ltr'><strong>runt.</strong></span> <span class='ocrx_word' id='word_1_108' title='bbox 296 1940 379 1998; x_wconf 84' lang='lat' dir='ltr'><strong>Artis</strong></span> <span class='ocrx_word' id='word_1_109' title='bbox 397 1944 496 1997; x_wconf 89' lang='lat' dir='ltr'><strong>autem</strong></span> <span class='ocrx_word' id='word_1_110' title='bbox 517 1944 564 1998; x_wconf 91' lang='lat' dir='ltr'><strong>est</strong></span> <span class='ocrx_word' id='word_1_111' title='bbox 583 1940 668 2000; x_wconf 86' lang='lat' dir='ltr'><strong>tarde</strong></span> <span class='ocrx_word' id='word_1_112' title='bbox 688 1961 836 2000; x_wconf 87' lang='lat' dir='ltr'><strong>crescere:</strong></span> <span class='ocrx_word' id='word_1_113' title='bbox 857 1960 914 2000; x_wconf 91' lang='lat' dir='ltr'><strong>nec</strong></span> <span class='ocrx_word' id='word_1_114' title='bbox 927 1943 997 2018; x_wconf 86' lang='lat' dir='ltr'><strong>quia</strong></span> <span class='ocrx_word' id='word_1_115' title='bbox 1013 1945 1076 1998; x_wconf 85' lang='lat' dir='ltr'><strong>tam</strong></span> 
     </span>
     <span class='ocr_line' id='line_1_18' title="bbox 174 2043 1076 2124; baseline -0.003 -21"><span class='ocrx_word' id='word_1_116' title='bbox 174 2043 225 2104; x_wconf 89' lang='lat' dir='ltr'><strong>diu</strong></span> <span class='ocrx_word' id='word_1_117' title='bbox 237 2043 339 2102; x_wconf 86' lang='lat' dir='ltr'><strong>Romae</strong></span> <span class='ocrx_word' id='word_1_118' title='bbox 352 2043 484 2111; x_wconf 86' lang='lat' dir='ltr'><strong>aberant,</strong></span> <span class='ocrx_word' id='word_1_119' title='bbox 499 2047 557 2103; x_wconf 91' lang='lat' dir='ltr'><strong>nisi</strong></span> <span class='ocrx_word' id='word_1_120' title='bbox 576 2044 639 2103; x_wconf 75' lang='lat' dir='ltr'><strong>aliae</strong></span> <span class='ocrx_word' id='word_1_121' title='bbox 658 2051 802 2124; x_wconf 82' lang='lat' dir='ltr'><strong>praetcrea</strong></span> <span class='ocrx_word' id='word_1_122' title='bbox 820 2064 915 2103; x_wconf 86' lang='lat' dir='ltr'><strong>causae</strong></span> <span class='ocrx_word' id='word_1_123' title='bbox 934 2043 1011 2103; x_wconf 84' lang='lat' dir='ltr'><strong>idem</strong></span> <span class='ocrx_word' id='word_1_124' title='bbox 1026 2043 1076 2102; x_wconf 95' lang='lat' dir='ltr'><strong>do-</strong></span> 
     </span>
     <span class='ocr_line' id='line_1_19' title="bbox 175 2147 1076 2224; baseline -0.002 -16"><span class='ocrx_word' id='word_1_125' title='bbox 175 2148 291 2218; x_wconf 86' lang='lat' dir='ltr'><strong>cebant,</strong></span> <span class='ocrx_word' id='word_1_126' title='bbox 304 2169 457 2224; x_wconf 89' lang='lat' dir='ltr'><strong>nunquam</strong></span> <span class='ocrx_word' id='word_1_127' title='bbox 477 2148 517 2207; x_wconf 94' lang='lat' dir='ltr'><strong>ibi</strong></span> <span class='ocrx_word' id='word_1_128' title='bbox 538 2153 655 2207; x_wconf 83' lang='lat' dir='ltr'><strong>orturus</strong></span> <span class='ocrx_word' id='word_1_129' title='bbox 675 2147 766 2208; x_wconf 89' lang='lat' dir='ltr'><strong>fuisse</strong></span> <span class='ocrx_word' id='word_1_130' title='bbox 787 2154 866 2208; x_wconf 86' lang='lat' dir='ltr'><strong>artes</strong></span> <span class='ocrx_word' id='word_1_131' title='bbox 887 2147 995 2208; x_wconf 86' lang='lat' dir='ltr'><strong>idcirco</strong></span> <span class='ocrx_word' id='word_1_132' title='bbox 1015 2166 1076 2206; x_wconf 84' lang='lat' dir='ltr'><strong>cre·</strong></span> 
     </span>
     <span class='ocr_line' id='line_1_20' title="bbox 175 2252 1076 2331; baseline -0.004 -17"><span class='ocrx_word' id='word_1_133' title='bbox 175 2253 303 2314; x_wconf 83' lang='lat' dir='ltr'><strong>dandum</strong></span> <span class='ocrx_word' id='word_1_134' title='bbox 316 2252 431 2312; x_wconf 87' lang='lat' dir='ltr'><strong>fuisset.</strong></span> <span class='ocrx_word' id='word_1_135' title='bbox 465 2252 663 2331; x_wconf 88' lang='lat' dir='ltr'><strong>Octingentos</strong></span> <span class='ocrx_word' id='word_1_136' title='bbox 676 2253 739 2313; x_wconf 81' lang='lat' dir='ltr'><strong>fere</strong></span> <span class='ocrx_word' id='word_1_137' title='bbox 752 2274 845 2312; x_wconf 82' lang='lat' dir='ltr'><strong>annos</strong></span> <span class='ocrx_word' id='word_1_138' title='bbox 859 2258 930 2312; x_wconf 87' lang='lat' dir='ltr'><strong>ante</strong></span> <span class='ocrx_word' id='word_1_139' title='bbox 944 2252 1076 2314; x_wconf 87' lang='lat' dir='ltr'><strong>Phidiam</strong></span> 
     </span>
     <span class='ocr_line' id='line_1_21' title="bbox 174 2356 1079 2436; baseline -0.001 -20"><span class='ocrx_word' id='word_1_140' title='bbox 174 2357 256 2416; x_wconf 88' lang='lat' dir='ltr'><strong>rudis</strong></span> <span class='ocrx_word' id='word_1_141' title='bbox 277 2357 327 2414; x_wconf 93' lang='lat' dir='ltr'><strong>illa</strong></span> <span class='ocrx_word' id='word_1_142' title='bbox 346 2356 460 2416; x_wconf 83' lang='lat' dir='ltr'><strong>Daedali</strong></span> <span class='ocrx_word' id='word_1_143' title='bbox 480 2377 528 2416; x_wconf 88' lang='lat' dir='ltr'><strong>ars</strong></span> <span class='ocrx_word' id='word_1_144' title='bbox 551 2357 693 2416; x_wconf 76' lang='lat' dir='ltr'><strong>Graeciam</strong></span> <span class='ocrx_word' id='word_1_145' title='bbox 714 2359 884 2436; x_wconf 87' lang='lat' dir='ltr'><strong>occupavit:</strong></span> <span class='ocrx_word' id='word_1_146' title='bbox 906 2359 1079 2435; x_wconf 84' lang='lat' dir='ltr'><strong>quingentis</strong></span> 
     </span>
     <span class='ocr_line' id='line_1_22' title="bbox 174 2460 1079 2544; baseline -0.006 -21"><span class='ocrx_word' id='word_1_147' title='bbox 174 2469 245 2544; x_wconf 89' lang='lat' dir='ltr'><strong>post</strong></span> <span class='ocrx_word' id='word_1_148' title='bbox 264 2467 396 2521; x_wconf 85' lang='lat' dir='ltr'><strong>renatam</strong></span> <span class='ocrx_word' id='word_1_149' title='bbox 416 2468 509 2522; x_wconf 85' lang='lat' dir='ltr'><strong>artem</strong></span> <span class='ocrx_word' id='word_1_150' title='bbox 528 2463 630 2521; x_wconf 89' lang='lat' dir='ltr'><strong>lumen</strong></span> <span class='ocrx_word' id='word_1_151' title='bbox 649 2468 681 2520; x_wconf 90' lang='lat' dir='ltr'><strong>et</strong></span> <span class='ocrx_word' id='word_1_152' title='bbox 700 2461 819 2520; x_wconf 88' lang='lat' dir='ltr'><strong>umbras</strong></span> <span class='ocrx_word' id='word_1_153' title='bbox 836 2464 952 2540; x_wconf 85' lang='lat' dir='ltr'><strong>pictura</strong></span> <span class='ocrx_word' id='word_1_154' title='bbox 975 2460 1079 2520; x_wconf 90' lang='lat' dir='ltr'><strong>distin-</strong></span> 
     </span>
     <span class='ocr_line' id='line_1_23' title="bbox 176 2563 1079 2646; baseline -0.003 -20"><span class='ocrx_word' id='word_1_155' title='bbox 176 2586 266 2646; x_wconf 88' lang='lat' dir='ltr'><strong>guere</strong></span> <span class='ocrx_word' id='word_1_156' title='bbox 286 2569 467 2627; x_wconf 90' lang='lat' dir='ltr'><strong>inventum¹.</strong></span> <span class='ocrx_word' id='word_1_157' title='bbox 509 2566 628 2624; x_wconf 85' lang='lat' dir='ltr'><strong>Finium</strong></span> <span class='ocrx_word' id='word_1_158' title='bbox 652 2569 744 2644; x_wconf 87' lang='lat' dir='ltr'><strong>igitur</strong></span> <span class='ocrx_word' id='word_1_159' title='bbox 760 2564 966 2623; x_wconf 77' lang='lat' dir='ltr'><strong>dissimilitudo</strong></span> <span class='ocrx_word' id='word_1_160' title='bbox 988 2563 1079 2643; x_wconf 90' lang='lat' dir='ltr'><strong>pluri·</strong></span> 
     </span>
     <span class='ocr_line' id='line_1_24' title="bbox 176 2665 1079 2748; baseline -0.004 -20"><span class='ocrx_word' id='word_1_161' title='bbox 176 2693 255 2730; x_wconf 89' lang='lat' dir='ltr'><strong>mum</strong></span> <span class='ocrx_word' id='word_1_162' title='bbox 269 2669 358 2742; x_wconf 88' lang='lat' dir='ltr'><strong>adid,</strong></span> <span class='ocrx_word' id='word_1_163' title='bbox 372 2669 450 2748; x_wconf 94' lang='lat' dir='ltr'><strong>quod</strong></span> <span class='ocrx_word' id='word_1_164' title='bbox 463 2673 627 2748; x_wconf 74' lang='lat' dir='ltr'><strong>quaerimus,</strong></span> <span class='ocrx_word' id='word_1_165' title='bbox 636 2669 723 2728; x_wconf 82' lang='lat' dir='ltr'><strong>valet.</strong></span> <span class='ocrx_word' id='word_1_166' title='bbox 751 2667 875 2728; x_wconf 83' lang='lat' dir='ltr'><strong>Accedit</strong></span> <span class='ocrx_word' id='word_1_167' title='bbox 888 2669 986 2735; x_wconf 87' lang='lat' dir='ltr'><strong>etiam,</strong></span> <span class='ocrx_word' id='word_1_168' title='bbox 1001 2665 1079 2745; x_wconf 92' lang='lat' dir='ltr'><strong>quod</strong></span> 
     </span>
     <span class='ocr_line' id='line_1_25' title="bbox 179 2771 1081 2853; baseline -0.006 -18"><span class='ocrx_word' id='word_1_169' title='bbox 179 2775 276 2835; x_wconf 80' lang='lat' dir='ltr'><strong>Graeci</strong></span> <span class='ocrx_word' id='word_1_170' title='bbox 290 2776 322 2832; x_wconf 90' lang='lat' dir='ltr'><strong>in</strong></span> <span class='ocrx_word' id='word_1_171' title='bbox 335 2774 467 2833; x_wconf 89' lang='lat' dir='ltr'><strong>Deorum</strong></span> <span class='ocrx_word' id='word_1_172' title='bbox 478 2774 600 2847; x_wconf 89' lang='lat' dir='ltr'><strong>cultum,</strong></span> <span class='ocrx_word' id='word_1_173' title='bbox 614 2779 667 2832; x_wconf 88' lang='lat' dir='ltr'><strong>aut</strong></span> <span class='ocrx_word' id='word_1_174' title='bbox 680 2775 783 2853; x_wconf 86' lang='lat' dir='ltr'><strong>patriae</strong></span> <span class='ocrx_word' id='word_1_175' title='bbox 800 2772 890 2831; x_wconf 86' lang='lat' dir='ltr'><strong>decus</strong></span> <span class='ocrx_word' id='word_1_176' title='bbox 905 2777 936 2830; x_wconf 87' lang='lat' dir='ltr'><strong>et</strong></span> <span class='ocrx_word' id='word_1_177' title='bbox 950 2771 1081 2850; x_wconf 89' lang='lat' dir='ltr'><strong>gloriam,</strong></span> 
     </span>
     <span class='ocr_line' id='line_1_26' title="bbox 177 2877 1081 2958; baseline -0.003 -21"><span class='ocrx_word' id='word_1_178' title='bbox 177 2883 193 2911; x_wconf 77' lang='lat'><strong>‘¹</strong></span> <span class='ocrx_word' id='word_1_179' title='bbox 204 2884 312 2958; x_wconf 81' lang='lat' dir='ltr'><strong>praeter</strong></span> <span class='ocrx_word' id='word_1_180' title='bbox 324 2877 440 2937; x_wconf 90' lang='lat' dir='ltr'><strong>laudem</strong></span> <span class='ocrx_word' id='word_1_181' title='bbox 453 2878 567 2938; x_wconf 88' lang='lat' dir='ltr'><strong>nullius</strong></span> <span class='ocrx_word' id='word_1_182' title='bbox 578 2879 680 2937; x_wconf 88' lang='lat' dir='ltr'><strong>avari”</strong></span> <span class='ocrx_word' id='word_1_183' title='bbox 696 2897 785 2958; x_wconf 88' lang='lat' dir='ltr'><strong>opera</strong></span> <span class='ocrx_word' id='word_1_184' title='bbox 795 2879 888 2956; x_wconf 89' lang='lat' dir='ltr'><strong>ipsius</strong></span> <span class='ocrx_word' id='word_1_185' title='bbox 899 2878 971 2934; x_wconf 89' lang='lat' dir='ltr'><strong>artis</strong></span> <span class='ocrx_word' id='word_1_186' title='bbox 983 2895 1081 2936; x_wconf 82' lang='lat' dir='ltr'><strong>amore</strong></span> 
     </span>
     <span class='ocr_line' id='line_1_27' title="bbox 177 2981 1081 3062; baseline -0.002 -20"><span class='ocrx_word' id='word_1_187' title='bbox 177 2982 382 3042; x_wconf 86' lang='lat' dir='ltr'><strong>elaborabant:</strong></span> <span class='ocrx_word' id='word_1_188' title='bbox 404 2981 530 3041; x_wconf 88' lang='lat' dir='ltr'><strong>Romani</strong></span> <span class='ocrx_word' id='word_1_189' title='bbox 540 2987 663 3062; x_wconf 88' lang='lat' dir='ltr'><strong>propter</strong></span> <span class='ocrx_word' id='word_1_190' title='bbox 673 2981 843 3054; x_wconf 85' lang='lat' dir='ltr'><strong>mercedem,</strong></span> <span class='ocrx_word' id='word_1_191' title='bbox 854 2985 890 3040; x_wconf 90' lang='lat' dir='ltr'><strong>ut</strong></span> <span class='ocrx_word' id='word_1_192' title='bbox 900 2983 1081 3059; x_wconf 87' lang='lat' dir='ltr'><strong>privatorum</strong></span> 
     </span>
     <span class='ocr_line' id='line_1_28' title="bbox 176 3082 1082 3149; baseline -0.004 -3"><span class='ocrx_word' id='word_1_193' title='bbox 176 3089 327 3146; x_wconf 87' lang='lat' dir='ltr'><strong>hominum</strong></span> <span class='ocrx_word' id='word_1_194' title='bbox 360 3085 442 3149; x_wconf 84' lang='lat' dir='ltr'><strong>aulas</strong></span> <span class='ocrx_word' id='word_1_195' title='bbox 469 3091 618 3146; x_wconf 85' lang='lat' dir='ltr'><strong>ornarent.</strong></span> <span class='ocrx_word' id='word_1_196' title='bbox 675 3086 731 3147; x_wconf 82' lang='lat' dir='ltr'><strong>Oui</strong></span> <span class='ocrx_word' id='word_1_197' title='bbox 758 3090 892 3144; x_wconf 87' lang='lat' dir='ltr'><strong>motuum</strong></span> <span class='ocrx_word' id='word_1_198' title='bbox 919 3082 1082 3144; x_wconf 85' lang='lat' dir='ltr'><strong>diversitati</strong></span> 
     </span>
     <span class='ocr_line' id='line_1_29' title="bbox 177 3191 625 3271; baseline -0.002 -18"><span class='ocrx_word' id='word_1_199' title='bbox 177 3199 287 3253; x_wconf 84' lang='lat' dir='ltr'><strong>natura</strong></span> <span class='ocrx_word' id='word_1_200' title='bbox 301 3196 380 3250; x_wconf 83' lang='lat' dir='ltr'><strong>artes</strong></span> <span class='ocrx_word' id='word_1_201' title='bbox 393 3191 625 3271; x_wconf 87' lang='lat' dir='ltr'><strong>respondebant.</strong></span> 
     </span>
    </p>

    <p class='ocr_par' dir='ltr' id='par_1_3' title="bbox 179 3295 1083 3462">
     <span class='ocr_line' id='line_1_30' title="bbox 218 3295 1083 3375; baseline -0.005 -20"><span class='ocrx_word' id='word_1_202' title='bbox 218 3302 245 3355; x_wconf 82' lang='lat'><strong>2.</strong></span> <span class='ocrx_word' id='word_1_203' title='bbox 268 3295 371 3354; x_wconf 83' lang='lat' dir='ltr'><strong>AEtate</strong></span> <span class='ocrx_word' id='word_1_204' title='bbox 395 3301 493 3355; x_wconf 92' lang='lat' dir='ltr'><strong>autem</strong></span> <span class='ocrx_word' id='word_1_205' title='bbox 516 3296 718 3356; x_wconf 86' lang='lat' dir='ltr'><strong>adolescentes</strong></span> <span class='ocrx_word' id='word_1_206' title='bbox 742 3295 804 3375; x_wconf 86' lang='lat' dir='ltr'><strong>jam</strong></span> <span class='ocrx_word' id='word_1_207' title='bbox 827 3295 965 3366; x_wconf 72' lang='lat' dir='ltr'><strong>Athene,</strong></span> <span class='ocrx_word' id='word_1_208' title='bbox 990 3295 1083 3352; x_wconf 86' lang='lat' dir='ltr'><strong>Roma</strong></span> 
     </span>
     <span class='ocr_line' id='line_1_31' title="bbox 179 3391 1081 3462; baseline -0.01 -1"><span class='ocrx_word' id='word_1_209' title='bbox 179 3423 239 3462; x_wconf 90' lang='lat' dir='ltr'><strong>nou</strong></span> <span class='ocrx_word' id='word_1_210' title='bbox 252 3405 322 3460; x_wconf 88' lang='lat' dir='ltr'><strong>ante</strong></span> <span class='ocrx_word' id='word_1_211' title='bbox 337 3405 520 3459; x_wconf 87' lang='lat' dir='ltr'><strong>senectutem</strong></span> <span class='ocrx_word' id='word_1_212' title='bbox 534 3420 565 3458; x_wconf 91' lang='lat' dir='ltr'><strong>se</strong></span> <span class='ocrx_word' id='word_1_213' title='bbox 579 3399 617 3458; x_wconf 88' lang='lat' dir='ltr'><strong>ad</strong></span> <span class='ocrx_word' id='word_1_214' title='bbox 631 3404 710 3457; x_wconf 85' lang='lat' dir='ltr'><strong>artes</strong></span> <span class='ocrx_word' id='word_1_215' title='bbox 724 3397 903 3457; x_wconf 90' lang='lat' dir='ltr'><strong>conferebat.</strong></span> <span class='ocrx_word' id='word_1_216' title='bbox 945 3391 1081 3454; x_wconf 86' lang='lat' dir='ltr'><strong>Civitatis</strong></span> 
     </span>
    </p>
   </div>
   <div class='ocr_carea' id='block_1_3' title="bbox 308 3516 948 3580">
    <p class='ocr_par' dir='ltr' id='par_1_4' title="bbox 308 3516 948 3580">
     <span class='ocr_line' id='line_1_32' title="bbox 308 3516 948 3580; baseline -0.005 -15"><span class='ocrx_word' id='word_1_217' title='bbox 308 3524 320 3548; x_wconf 89' lang='lat'>¹</span> <span class='ocrx_word' id='word_1_218' title='bbox 339 3517 445 3566; x_wconf 82' lang='lat' dir='ltr'><strong>Fuseli&#39;s</strong></span> <span class='ocrx_word' id='word_1_219' title='bbox 457 3518 574 3566; x_wconf 85' lang='lat' dir='ltr'><strong>Lectures</strong></span> <span class='ocrx_word' id='word_1_220' title='bbox 589 3532 619 3564; x_wconf 92' lang='lat' dir='ltr'><strong>on</strong></span> <span class='ocrx_word' id='word_1_221' title='bbox 632 3516 948 3580; x_wconf 79' lang='lat' dir='ltr'><strong>Psinting-Chiaroscuro.</strong></span> 
     </span>
    </p>
   </div>
   <div class='ocr_carea' id='block_1_4' title="bbox 0 0 1251 4046">
    <p class='ocr_par' dir='ltr' id='par_1_5' title="bbox 0 0 1251 4046">
     <span class='ocr_line' id='line_1_33' title="bbox 0 0 1251 4046; baseline 0 0"><span class='ocrx_word' id='word_1_222' title='bbox 0 0 1251 4046; x_wconf 95' lang='lat' dir='ltr'><strong> </strong></span> 
     </span>
    </p>
   </div>
  </div>
 </body>
</html>
