2470 4046
648 235 688 293 34

214 393 379 453 exstiterat.
422 393 654 454 Pulchritudinis
681 395 774 474 igitur
794 415 855 454 non
878 395 1024 457 studiosos
1053 406 1126 456 tan-

213 503 277 556 tum
296 497 349 556 sed
368 497 571 577 intelligentes
592 499 682 559 etiam
700 499 791 560 fuisse
808 501 929 562 Graecos
948 522 1034 562 nomo
1055 521 1127 562 non

215 601 367 661 concedet.
830 587 834 592 ’

255 706 318 765 Nec
338 703 474 785 pulchras
496 710 619 780 tantum,
639 707 692 767 sed
710 713 806 767 certas
827 729 861 768 ac
882 707 989 782 finitas,
1005 709 1126 789 speeies

215 810 371 889 concipere
397 811 495 871 Graeci
521 811 587 871 fuit.
630 811 723 872 Indos
746 813 879 872 videmus
906 812 1125 891 pulcherrimas

214 913 328 973 fabulas
347 919 379 973 et
398 914 615 975 insanissimum
636 937 734 976 rerum
756 937 846 977 sensu
866 917 1125 997 percipiendarum

214 1015 326 1075 cultum
346 1037 411 1077 cum
429 1039 526 1078 rerum
546 1019 707 1079 divinarum
726 1021 913 1100 opinionibus
933 1023 1063 1100 proxime
1082 1021 1125 1080 ad

214 1123 368 1180 veritatem
382 1122 590 1183 accedentibus
604 1127 676 1184 mira
694 1128 893 1185 inconstantia
907 1128 1044 1186 miscere:
1060 1147 1123 1186 om-

214 1227 265 1283 nia
287 1232 371 1284 vasta
395 1232 427 1286 et
451 1227 592 1301 sublimia,
615 1228 667 1288 sed
689 1232 813 1310 mystica
835 1236 866 1290 et
891 1231 1016 1304 infinita,
1037 1233 1123 1309 vagis

214 1332 422 1388 somniantium
439 1333 614 1411 imaginibus
633 1355 719 1411 quam
736 1336 974 1394 ratiocinantium
993 1335 1123 1414 philoso-

213 1432 290 1512 phioe
304 1433 451 1508 similiora,
467 1457 530 1513 quae
545 1439 569 1495 si
583 1437 831 1518 comprehendere
844 1442 920 1498 ratio
934 1439 1015 1512 velit,

378 1571 394 1594 “
403 1565 428 1614 N
430 1567 577 1630 equicqusm
590 1583 734 1630 comprensa
745 1568 837 1632 refugit
848 1569 955 1633 imago.¹'

255 1670 487 1731 Pulchritudinis
501 1675 579 1732 enim
594 1693 698 1734 sensus
712 1673 798 1734 Indis
811 1674 953 1754 plurimus
968 1678 1053 1744 inest,
1068 1672 1123 1733 sed

214 1775 338 1832 rationis
357 1773 503 1852 indigens.
547 1774 644 1835 Graeci
663 1780 774 1845 contra,
790 1795 955 1853 quanquam
971 1777 1122 1857 popularis

216 1896 316 1936 eorum
325 1877 397 1938 fides
411 1899 429 1938 a
441 1881 566 1939 veritate
581 1900 669 1957 quarn
682 1880 825 1940 Indorum
838 1881 953 1960 longius
967 1881 1071 1950 abfuit,
1082 1881 1122 1941 ad

214 1983 359 2042 rationem
380 1988 480 2043 tamen
495 2004 610 2064 semper
626 1990 657 2044 et
676 1984 845 2044 intellectus
864 2006 1029 2046 mensuram
1043 1989 1121 2064 cogi-

214 2087 344 2145 tationes
365 2107 432 2146 suas
450 2087 613 2160 finiebant;
634 2093 715 2146 certa
728 2089 833 2158 omnia,
847 2093 879 2147 et
897 2087 936 2147 ad
954 2087 1120 2167 intelligen-

215 2189 283 2248 dum
295 2195 365 2269 apta
376 2190 596 2250 desiderabant:
618 2192 695 2251 unde
706 2195 853 2271 corporeis
866 2191 975 2265 formis,
984 2213 1120 2269 quacun·

215 2313 272 2370 que
286 2297 390 2353 animis
403 2298 599 2376 perciperent,
613 2296 735 2356 induere
750 2296 895 2368 volebant,
911 2303 950 2370 et,
965 2317 1029 2374 quae
1044 2299 1120 2376 cogi·

214 2400 329 2458 tatione
342 2403 460 2458 tantum
471 2409 549 2473 sunt,
557 2421 590 2460 re
601 2404 727 2460 existere
738 2399 899 2459 censebant
911 2426 918 2472 ;
938 2400 1007 2460 hinc
1021 2404 1121 2483 critice

217 2522 318 2561 eorum
339 2503 532 2584 philosophiae
554 2504 712 2572 oriebatur,
733 2505 803 2563 hinc
824 2504 932 2564 subtile
953 2505 1119 2585 disputandi

215 2625 347 2667 acumen.
389 2609 493 2684 Neque
507 2617 615 2678 tamen,
630 2627 695 2666 cum
717 2605 834 2684 specics
843 2606 898 2666 sibi
913 2617 1048 2666 constare
1061 2607 1118 2666 vel-

214 2711 286 2777 lent,
313 2709 420 2770 idcirco
444 2709 482 2769 ad
509 2709 687 2786 quotidianae
710 2713 778 2769 vitae
805 2731 891 2769 usum
918 2715 950 2770 et
976 2711 1118 2770 rationem

215 2818 312 2874 omnia
325 2814 503 2874 referebant.
545 2813 652 2891 Itaque
673 2814 799 2874 medium
813 2807 897 2873 inter*
906 2814 999 2875 Indo·
1014 2821 1045 2874 et
1059 2815 1116 2874 Ro-

215 2937 317 2978 manos
328 2917 424 2978 locum
440 2917 536 2978 Gracci
550 2923 674 2978 tenent:
696 2920 804 2997 quippe
818 2922 867 2995 qui
876 2939 964 2998 vagas
979 2919 1118 2979 Indorum

215 3025 357 3100 imagines
372 3023 450 3081 sicca
464 3022 663 3082 Romanorum
677 3026 790 3082 ratione
805 3026 847 3081 ita
859 3023 1072 3102 temperabant,
1086 3005 1118 3082 rit

216 3139 323 3188 neutra
335 3148 404 3207 pars
418 3127 504 3187 alteri
518 3128 646 3188 obesset.
690 3127 781 3187 Unde
800 3133 879 3188 artes
894 3149 1007 3206 quoque
1022 3149 1117 3188 eorum

216 3255 332 3296 auream
356 3234 434 3294 illam
462 3233 693 3294 mediocritatem
721 3234 840 3294 habent.
883 3235 949 3294 Indi
976 3235 1116 3296 mirabiles

215 3338 338 3410 fabulas,
353 3345 384 3399 et
396 3345 480 3399 vaste
493 3359 548 3399 nec
568 3343 713 3399 εὐσύνοπτα
733 3339 909 3418 templorum
928 3341 1039 3419 spetia3
1060 3339 1114 3400 Ro-

217 3447 293 3504 mani
308 3464 361 3524 pro
375 3446 456 3524 poesi
470 3443 559 3522 leges,
568 3463 622 3522 pro
633 3444 725 3521 signis
736 3448 767 3502 et
780 3447 895 3524 pictura
905 3445 965 3503 vias
979 3450 1009 3503 et
1020 3450 1114 3524 portas

217 3548 407 3628 triumphales
417 3573 424 3620 ;
447 3548 543 3608 Graeoi
554 3549 666 3627 poesin,
677 3551 781 3624 queret
791 3547 971 3627 philosophis
982 3553 1013 3607 et
1024 3551 1113 3628 poetis
