2470 4046
659 201 698 258 50

233 362 282 421 diu
300 359 382 419 nulla
400 359 526 420 hominis
547 361 658 440 effigies
677 362 752 436 fuit;
773 363 932 425 victoribus
952 364 1130 445 Olympiacis

170 529 173 534 ¹
231 467 333 545 primis
355 463 504 523 hominum
526 470 686 544 permissus
709 473 757 528 est
779 471 837 528 iste
859 469 964 538 honos,
982 475 1017 528 ιιι
1037 489 1131 550 prope

231 572 355 632 divinus.
395 571 526 630 Deorum
542 576 640 631 autem
659 573 814 634 simulacra
833 594 895 634 non
907 579 942 633 ιιι
959 575 1071 654 effigies
1091 575 1130 636 ab

230 677 275 749 iis,
298 681 351 734 aut
377 674 551 754 templorum
578 687 759 748 ornamenta,
784 678 837 739 sed
862 685 897 739 ut
921 681 986 760 ipsa
1007 682 1130 740 numina

230 780 412 841 colebantur.
451 779 539 856 Quod
551 785 659 841 natura
670 782 749 856 fecit,
763 789 798 842 ut
818 787 925 843 mentis
944 786 1035 844 aciem
1048 788 1129 844 omni

229 885 316 946 modo
329 891 501 946 exercerent
513 886 649 960 artifices,
660 891 686 946 si
698 887 776 948 forte
790 887 887 949 divina
899 889 1129 969 pulchritudinis

229 993 341 1070 species
369 989 525 1050 ostendere
551 1010 584 1050 se
609 993 645 1052 iis
672 993 770 1067 vellet,
794 999 826 1054 et
848 1013 965 1052 manum
991 993 1127 1073 dirigere.

230 1096 298 1172 Qua
323 1095 439 1175 quidem
466 1103 529 1154 arte
556 1095 675 1156 Phidiss
701 1099 758 1177 ipsi
783 1098 920 1177 religioni
946 1098 1129 1178 majestatem

229 1200 373 1260 addidisse
391 1199 573 1272 habebatur;
592 1221 649 1260 nec
668 1203 764 1262 minor
776 1204 808 1261 in
821 1202 949 1262 Veneris
967 1202 1129 1262 simulacris

229 1305 401 1365 Praxiteles.
443 1303 517 1380 Quae
538 1310 636 1364 autem
654 1325 702 1364 ars
719 1308 814 1386 primo
832 1305 889 1366 Dis
909 1315 1058 1366 reservata
1071 1313 1128 1380 ast,

228 1416 332 1490 postea
345 1409 522 1489 degenerare
542 1413 651 1469 sensim
672 1414 704 1470 ct
722 1410 761 1470 ad
777 1410 932 1471 humiliora
949 1410 1128 1472 descendere

227 1515 367 1590 videmus,
386 1514 501 1582 heroas,
522 1513 650 1587 Faunos,
669 1515 814 1585 homines,
834 1535 992 1596 eorumque
1010 1520 1127 1575 tantam

228 1617 453 1690 multitudinem,
467 1623 502 1677 ut
514 1624 637 1699 propter
649 1621 769 1678 minima
781 1619 932 1690 beneficis,
944 1624 978 1678 ut
990 1621 1128 1678 minimus

197 1799 203 1812 ι
229 1726 365 1797 οιιιιιὶιιιιι,
384 1725 460 1802 signi
481 1723 575 1784 honos
597 1723 814 1785 decerneretur.
857 1724 932 1784 Oum
950 1721 1039 1784 rebus
1058 1743 1128 1784 vero

227 1833 321 1909 ipsam
341 1835 434 1888 artem
455 1828 633 1907 degenerare
652 1828 792 1889 ridemur.
833 1829 919 1888 Adeo
934 1849 1035 1888 rerum
1055 1828 1128 1888 illud

230 1933 434 2013 Virgilium,

586 2115 648 2125 -
659 2089 773 2136 “Omnia
784 2089 842 2137 fatis

359 2171 390 2219 In
400 2171 472 2234 pejus
483 2185 561 2228 ruere,
572 2177 597 2218 et
608 2177 671 2218 retro
682 2169 797 2233 sublapsa
807 2171 916 2218 referri.''

267 2341 296 2397 5.
317 2339 424 2396 Restat
444 2335 579 2414 denique,
600 2342 642 2406 ut,
664 2336 715 2412 qni
737 2333 859 2406 fuerint,
878 2337 927 2410 qui
948 2336 979 2392 in
1002 2337 1126 2408 utraque

226 2443 346 2500 civitate
360 2459 392 2500 se
405 2441 510 2498 artium
528 2438 690 2498 liberalium
703 2437 809 2498 studiis
828 2437 942 2510 durent,
956 2436 1124 2496 referamus.

227 2545 329 2604 Romse
343 2544 383 2614 id,
396 2544 474 2622 quod
487 2543 524 2603 de
541 2546 657 2623 pictura
670 2542 782 2602 Plinius
794 2541 927 2614 tradidit,
940 2541 977 2602 de
992 2542 1127 2600 universo

226 2667 336 2728 genere
349 2649 465 2709 obtinet
476 2673 483 2706 ι
504 2650 536 2706 in
548 2647 682 2706 honestis
691 2647 825 2706 manibus
834 2666 984 2723 nunquam
993 2664 1036 2706 eoe
1046 2663 1126 2723 spee-

227 2758 298 2812 tetae
315 2751 446 2811 fuerunt.
487 2750 547 2809 Ars
560 2755 659 2809 autem
672 2755 755 2810 vates
773 2751 830 2810 sibi
843 2749 939 2828 diligit
951 2750 1071 2810 nonnisi
1083 2749 1126 2806 in·

225 2876 338 2935 genuus
351 2861 383 2915 at
395 2855 472 2915 bene
490 2853 639 2926 eruditos;
660 2873 724 2930 quaa
741 2875 801 2914 una
813 2857 893 2914 certa
906 2873 994 2914 causa
1007 2857 1063 2926 est,
1077 2872 1130 2911 cur

227 2960 368 3020 hodierno
381 2965 513 3039 tempore
530 2963 680 3019 nostrates
699 2979 804 3038 parum
822 2957 1000 3018 excellentes
1013 2959 1045 3016 in
1057 2958 1129 3016 arti·

225 3062 282 3122 hus
295 3062 431 3121 evadant.
471 3062 572 3122 Romae
590 3066 689 3122 eutem
707 3061 932 3122 honestissimus
950 3063 1072 3138 quisque
1089 3057 1129 3118 ad
1195 3041 1196 3045 Ἰ

227 3165 423 3242 eloquentiam
437 3186 470 3226 se
483 3171 514 3224 et
526 3166 622 3234 forum
640 3171 693 3224 aut
710 3165 749 3224 ad
766 3185 846 3226 arma
865 3185 980 3245 semper
997 3161 1129 3224 consere-

225 3271 289 3332 hat.
330 3271 468 3344 Athenis,
481 3292 547 3332 cum
564 3274 692 3330 servitiis
708 3273 809 3330 vetite
822 3275 855 3330 et
872 3273 992 3331 civitate
1010 3269 1127 3328 donate

227 3385 305 3434 artes
323 3381 433 3448 essent,
447 3378 611 3454 quicunque
624 3372 671 3432 vel
688 3373 870 3432 mediocriter
888 3371 1020 3432 eruditus
1033 3375 1065 3430 et
1083 3371 1127 3426 in·

228 3482 352 3538 stitutus
365 3480 468 3539 haberi
480 3478 579 3552 vellet,
593 3483 672 3537 artes
691 3477 803 3537 solebat
821 3479 845 3535 si
862 3496 924 3536 non
942 3478 1063 3556 penitus
1076 3473 1126 3533 do
