2470 4046
559 243 578 301 3
589 285 593 296 .

113 409 191 465 vunt
204 405 399 484 Polygnotus,
415 403 532 478 Zeuxis,
547 401 731 475 Parrhasius,
745 401 841 481 prima
852 399 915 459 fars
928 397 1019 479 hujus

114 507 189 566 artis
198 506 303 579 initia,
322 511 392 585 post
404 506 459 566 hos
469 505 642 564 Timanthes
656 510 688 564 ct
701 503 883 584 Pamphilus,
895 521 1020 582 quorum

112 611 165 670 ille
177 609 299 689 ingenio
313 630 347 669 ac
360 615 433 682 arte,
447 609 495 668 hic
508 609 675 669 eruditione
687 614 720 668 et
733 607 859 668 scientia
874 606 972 667 effecit
985 612 1021 665 nt

112 715 147 774 in
161 715 290 794 primum
303 714 469 774 liberalium
483 713 606 792 gradum
624 715 748 794 pictura
762 731 810 772 ars
827 711 1019 791 reciperetur.

117 819 236 895 Quibus
257 819 408 892 successit,
429 839 517 898 quem
534 823 669 879 veterum
685 817 797 898 judicio
818 837 921 878 omnes
937 816 1022 896 prius

116 923 236 1003 genitos
256 923 434 1004 futurosque
453 932 558 1003 postea
578 944 733 1004 superasse
754 923 870 983 Plinius
889 921 1023 994 tradidit,

116 1027 257 1108 Apelles;
285 1027 338 1106 qui
361 1027 417 1087 soli
439 1027 495 1087 sibi
516 1047 552 1087 ex
574 1027 721 1102 omnibus,
738 1027 790 1107 qui
812 1027 915 1087 eadem
936 1032 1023 1088 atate

117 1132 238 1192 maximi
261 1137 357 1204 erant,
381 1131 495 1191 charita
518 1131 679 1210 contigisse
705 1131 825 1210 gloriari
851 1151 941 1190 ausus
965 1137 1022 1189 est.

119 1237 257 1313 Quorum
270 1255 360 1316 opera
374 1256 530 1296 recensere
546 1257 603 1296 nec
621 1236 756 1296 instituti
774 1235 871 1315 operis
890 1240 945 1308 cst,
957 1253 1024 1307 nec,

118 1342 206 1400 utin
225 1361 258 1400 re
279 1341 431 1400 admotum
449 1345 530 1414 nota,
543 1341 752 1400 necessarium.
793 1339 895 1419 Digna
908 1359 1025 1419 quoque

119 1445 263 1504 memoria
285 1450 357 1505 sunt
379 1445 502 1506 nomina
525 1445 712 1524 Protogenis,
737 1443 920 1518 Nicomachi,
942 1444 1025 1503 Aris-

119 1550 200 1624 tidis,
224 1550 438 1629 Euphranoris,
462 1550 645 1630 aliorumque
671 1551 828 1610 innumero
853 1549 1025 1622 multitudo,

121 1673 248 1734 quorum
265 1658 368 1712 tamen
385 1653 599 1732 unusquisque,
614 1653 640 1713 si
657 1655 808 1713 Romanus
826 1653 933 1725 fuerat,
947 1673 1026 1711 sum-

120 1776 199 1816 mam
212 1756 295 1816 urbis
308 1755 427 1816 lsudem
440 1757 569 1817 tulisset.
592 1757 681 1832 Quod
694 1757 765 1816 siin
777 1757 895 1838 pictura
910 1756 1027 1816 Gracia

119 1866 207 1920 tsnto
231 1861 367 1940 superior
388 1860 515 1934 videtu,
537 1867 569 1920 at
589 1862 623 1920 in
646 1861 791 1921 statuaria
811 1862 1026 1922 multominus

122 1963 348 2041 ambigendum:
373 1983 432 2042 qua
448 1983 511 2023 non
523 1971 657 2024 veterum
674 1969 803 2038 tuntum,
822 1965 875 2024 sed
893 1965 1026 2026 omnium

124 2069 247 2124 statum
270 2064 354 2124 facile
374 2066 512 2146 princeps
532 2087 568 2126 ea
586 2071 643 2125 cst.
686 2067 778 2145 Cujus
799 2073 835 2126 ut
853 2067 1026 2127 omittamus

124 2167 266 2227 Daedalea
278 2168 329 2227 illa
341 2168 509 2248 primordia,
524 2189 589 2250 qma
602 2169 635 2228 in
648 2170 729 2228 omni
742 2175 833 2248 gente
846 2169 909 2228 fore
922 2171 1025 2230 cadem

124 2270 196 2332 oriri
214 2272 320 2344 solent,
335 2273 435 2350 ecquis
453 2293 521 2332 cum
540 2272 647 2331 Phidia
664 2271 867 2344 conferendus,
881 2273 941 2351 qui,
958 2293 1026 2333 cum

123 2375 157 2435 in
172 2375 307 2435 Deorum
326 2377 420 2455 signis
439 2377 588 2457 praecipue
607 2377 754 2450 laudatur,
768 2382 885 2435 tantam
903 2377 948 2436 his
967 2399 1026 2437 ma·

121 2483 265 2562 jestotcm
285 2482 367 2555 fecit,
382 2487 418 2541 ut
438 2488 566 2562 recepta
585 2482 724 2561 religioni
742 2488 930 2542 venustatem
944 2483 1026 2544 addi-

124 2587 203 2646 disse
223 2586 412 2648 diceretur0i'
448 2587 509 2662 Qui
525 2588 616 2647 etiam
637 2587 718 2647 Deos
738 2587 847 2647 vidisse
866 2587 1026 2663 ferebatur,

124 2693 204 2772 quod
222 2693 372 2773 propriam
391 2693 497 2772 cuique
518 2692 643 2752 formam
661 2713 695 2752 ac
715 2691 894 2752 lineamenta
913 2694 1026 2773 primus

124 2797 204 2871 fecit,
219 2817 287 2858 cum
300 2803 390 2857 antea
397 2798 488 2856 iidem
498 2797 635 2856 omnibus
648 2797 749 2856 vultus
759 2797 822 2856 ficti
835 2803 952 2856 essent:
971 2819 1027 2858 nec

125 2911 160 2960 ut
173 2902 266 2980 signa,
280 2901 334 2960 sed
345 2907 382 2960 ut
394 2901 461 2980 ipsa
471 2902 604 2974 numina,
618 2901 640 2960 J
641 2921 725 2960 ovem
741 2902 805 2981 ejus
818 2911 848 2960 et
862 2902 1027 2960 Minervam

128 3005 226 3066 Graeci
237 3006 464 3066 venerabantur.
505 3007 612 3065 Artem
626 3005 662 3064 ab
676 3005 732 3064 hoc
745 3011 878 3084 apertam
892 3025 1027 3065 consum·

126 3129 222 3170 masse
234 3110 347 3189 regulis
365 3110 475 3170 dicitur
491 3110 611 3190 aequalis
624 3110 715 3188 Argis
732 3109 918 3188 Polycletus:
940 3130 1027 3189 quem

127 3225 157 3274 et
170 3215 380 3295 Doryphorum
393 3214 506 3287 secisse,
514 3233 603 3294 quem
616 3233 730 3273 canona
742 3213 869 3272 artifices
878 3221 1027 3287 vocarent,

127 3324 159 3378 ct
171 3318 428 3397 Astragalizontas
442 3317 525 3392 duos,
539 3318 646 3398 quibus
663 3318 780 3377 nullum
793 3316 953 3396 perfectius
966 3318 1028 3398 plo·

126 3422 226 3502 risque
247 3422 409 3496 rideretur,
430 3441 449 3480 a
472 3421 569 3482 Plinio
592 3422 736 3482 traditum
760 3421 933 3502 accepimus.
976 3424 1026 3482 In-

433 3559 443 3584 ⁸
460 3553 545 3604 Quint.
559 3554 625 3610 ont
637 3555 726 3604 2-10.
