2470 4046
631 263 670 324 32

197 425 358 486 certamina
384 425 422 485 ad
448 425 595 506 Alpheum
622 423 730 484 flumen
757 445 774 484 a
799 425 895 504 prima
921 422 1110 500 antiquitate

196 539 298 591 erant:
323 531 444 610 Spartae,
456 530 555 605 Lesbi,
569 529 739 602 Parrhasiae,
752 537 905 590 καλλιστεῖα
914 528 985 609 ipsae
999 526 1107 585 mulie-

198 655 247 695 res
261 636 414 715 petebant.
453 636 567 695 Tantus
580 633 638 694 fuit
652 635 731 714 apud
746 634 866 694 Graecos
879 632 980 693 formes
992 631 1106 692 honos.

200 739 384 799 Postremum
398 743 543 800 testemur
560 739 784 799 disertissimum
801 739 883 798 illum
899 745 930 797 et
942 735 1106 816 elegantis-

198 843 302 902 simum
316 843 509 923 philosophica
528 849 686 916 auctorem,
700 843 855 902 Platonem
875 841 1103 901 Atheniensem.

199 946 269 1019 Hic,
284 967 349 1006 cum
369 947 524 1027 permultis
538 947 602 1008 eliis
622 947 740 1008 Phaedri
757 953 789 1008 et
808 945 955 1027 Symposii
971 944 1044 1005 locis
1064 944 1105 1004 dc

199 1050 322 1132 pulchro
336 1056 368 1110 et
381 1071 479 1111 amore
493 1051 672 1126 disseruerit,
684 1070 748 1129 quae
761 1051 872 1132 optima
882 1049 1022 1111 censebat
1035 1068 1105 1108 esse

199 1154 405 1226 instrumenta,
419 1153 525 1230 quibus
543 1155 656 1214 animus
675 1175 692 1214 a
710 1154 846 1234 turpibus
867 1153 905 1213 ad
922 1151 1045 1233 pulchra
1057 1152 1102 1211 fa-

199 1258 303 1319 cienda
321 1263 539 1333 convertantur,
556 1259 680 1336 ideoque
699 1259 838 1320 laudabat
858 1257 986 1318 animum
1002 1276 1105 1318 amore

200 1382 363 1436 accensum,
383 1364 466 1441 quasi
483 1363 605 1425 indeed
625 1365 751 1427 honesta
767 1369 977 1444 perrecturum,
991 1363 1023 1422 in
1042 1383 1104 1422 uno

201 1468 319 1530 Phaedri
340 1469 404 1530 loco
427 1470 498 1530 talia
522 1470 559 1530 de
583 1471 706 1551 pulchro
731 1469 964 1550 philosophatur.
1006 1467 1103 1528 “Pul-

200 1573 310 1648 chrum,
325 1574 404 1651 quod
424 1574 484 1634 illic
504 1573 621 1636 lucebat
636 1593 747 1632 summo
766 1572 931 1652 splendore,
945 1571 993 1631 hic
1011 1569 1103 1630 habet

200 1653 333 1736 claruet
360 1675 515 1757 splendida
538 1675 700 1738 simulacra.
754 1674 950 1750 Quamobrem
974 1671 1102 1752 pulchri·

201 1780 274 1841 tudo
294 1781 370 1842 hanc
390 1783 448 1842 vim
466 1781 566 1854 habet,
583 1787 617 1840 ut
637 1799 763 1842 amorem
784 1780 894 1840 excitet
909 1777 1102 1858 flagrantissi-

202 1905 297 1956 mum;
319 1883 427 1964 quippe
440 1884 505 1963 ipsa
517 1903 614 1944 rerum
628 1884 756 1944 omnium
766 1883 889 1944 maxime
902 1883 1049 1954 amabilis;
1071 1887 1103 1942 et

201 2007 270 2048 vero
291 1988 438 2050 instauret
457 1987 655 2050 efficacissime
671 2007 787 2048 omnem
805 1987 938 2067 pristinae
952 1985 1102 2046 felicitatis

202 2090 351 2168 divinique
367 2089 527 2170 spectaculi
544 2090 785 2150 recordationem.
828 2089 907 2169 Ergo
925 2110 1029 2150 recens
1047 2090 1101 2149 ini-

201 2195 303 2268 tiatus,
327 2195 444 2273 quando
471 2194 602 2255 divinum
628 2195 734 2275 aspicit
760 2194 873 2255 vultum
899 2195 946 2254 vel
972 2194 1102 2274 corporis

203 2299 330 2379 speciem
353 2300 449 2380 ipsum
475 2300 629 2380 pulchrum
656 2299 743 2381 plane
769 2299 956 2372 referentem,
977 2300 1102 2379 primum

203 2406 322 2484 quidem
343 2405 530 2478 cohorrescit,
551 2409 585 2464 ut
605 2403 665 2466 illic
688 2410 791 2476 autem
812 2403 918 2464 deinde
937 2424 1006 2464 vcro
1027 2404 1102 2484 aspi-

203 2509 284 2569 ciens
306 2514 337 2570 et
359 2509 585 2588 contemplatus,
609 2516 643 2567 ut
667 2507 764 2568 Deum
786 2507 911 2585 aliquem
932 2507 1004 2567 colit
1027 2527 1101 2566 ama·

204 2615 288 2688 sium,
312 2621 343 2676 et
366 2615 425 2675 nisi
447 2619 598 2674 vereretur
620 2613 742 2672 insaniae
767 2613 903 2692 speciem,
928 2613 1102 2673 sacrificaret

203 2721 291 2801 plane
312 2719 356 2780 illi
376 2724 516 2795 tanquam
537 2723 642 2778 statua
663 2723 694 2776 et
714 2717 811 2777 Deo.’'
854 2717 958 2777 Liceat
979 2716 1101 2776 alterum

203 2830 322 2884 tantum
338 2822 435 2884 locum
453 2824 518 2902 ejus
531 2821 660 2892 laudare,
674 2823 724 2900 qui
737 2823 770 2882 in
784 2823 937 2904 Symposio
951 2823 1102 2883 celeberri-

205 2949 269 2988 mus
290 2934 355 2988 est:
385 2927 444 2997 ubi,
465 2932 620 3007 postquam
644 2927 751 3006 gradus
771 2947 825 3007 per
848 2949 923 3004 quos
942 2948 959 2987 a
979 2927 1102 3006 singulis

205 3034 336 3113 pulchris
350 3033 521 3113 corporibus
535 3032 573 3093 ad
590 3033 684 3112 ipsius
697 3033 811 3113 pulchri
825 3034 1101 3114 contemplationem

204 3138 399 3200 incedendum
425 3137 465 3198 sit
493 3137 657 3216 descripsit,
688 3138 721 3198 in
747 3138 945 3200 laudationem
972 3139 1035 3219 ejus
1061 3138 1102 3198 its

204 3243 316 3304 fertur:
340 3246 447 3304 ἐνταῦθα
457 3251 503 3302 τοῦ
516 3247 587 3312 βίου,
598 3245 670 3319 εἴπερ
683 3270 734 3303 που
748 3248 851 3310 ἄλλοθι,
860 3251 957 3314 βιωτὸν
968 3249 1100 3324 ἀνθρώπῳ,

205 3351 322 3424 θεωμένῳ
336 3351 398 3406 αὐτὸ
411 3357 442 3407 τὸ
461 3353 547 3406 καλόν.
570 3351 643 3408 ὃέάν
659 3373 723 3406 ποτε
736 3350 802 3422 ἴδῃς,
817 3355 846 3406 οὐ
865 3355 929 3408 κατὰ
947 3355 1058 3426 χρυσίον
1074 3373 1101 3406 τε

204 3461 246 3515 καὶ
261 3458 358 3528 ἐσθῆτα
372 3461 413 3513 καὶ
428 3458 487 3516 τοὺς
501 3457 596 3514 καλοὺς
608 3457 700 3515 παῖδάς
714 3480 742 3512 τε
756 3459 798 3512 καὶ
814 3459 962 3515 νεανίσκους
975 3459 1046 3527 ὃόξνι
1059 3476 1101 3512 σοι

205 3557 277 3624 εἶναι,
293 3561 337 3619 οὓς
351 3566 396 3618 νῦν
409 3566 475 3636 ὄρῶν
489 3561 647 3630 ἐκπέπληξαι
661 3564 702 3617 καὶ
717 3561 817 3632 ἕτοιμος
830 3557 908 3618 εἶκαὶ
922 3562 956 3616 σὺ
970 3562 1012 3616 καὶ
1025 3562 1105 3636 ἄλλοι,
