<?xml version="1.0" encoding="UTF-8"?>
<!DOCTYPE html PUBLIC "-//W3C//DTD XHTML 1.0 Transitional//EN"
    "http://www.w3.org/TR/xhtml1/DTD/xhtml1-transitional.dtd">
<html xmlns="http://www.w3.org/1999/xhtml" xml:lang="en" lang="en">
 <head>
  <title>
</title>
<meta http-equiv="Content-Type" content="text/html;charset=utf-8" />
  <meta name='ocr-system' content='tesseract 3.04.00' />
  <meta name='ocr-capabilities' content='ocr_page ocr_carea ocr_par ocr_line ocrx_word'/>
</head>
<body>
  <div class='ocr_page' id='page_1' title='image "./qunamprcipuecau00riddgoog_0030.png"; bbox 0 0 2470 4046; ppageno 0'>
   <div class='ocr_carea' id='block_1_1' title="bbox 113 219 1022 1410">
    <p class='ocr_par' dir='ltr' id='par_1_1' title="bbox 113 219 1022 1410">
     <span class='ocr_line' id='line_1_1' title="bbox 548 219 588 288; baseline 0 0"><span class='ocrx_word' id='word_1_1' title='bbox 548 219 588 288; x_wconf 68' lang='lat' dir='ltr'><strong>ll</strong></span> 
     </span>
     <span class='ocr_line' id='line_1_2' title="bbox 113 389 1018 470; baseline 0.002 -24"><span class='ocrx_word' id='word_1_2' title='bbox 113 407 183 447; x_wconf 85' lang='lat' dir='ltr'><strong>esse</strong></span> <span class='ocrx_word' id='word_1_3' title='bbox 203 407 291 448; x_wconf 85' lang='lat' dir='ltr'><strong>nemo</strong></span> <span class='ocrx_word' id='word_1_4' title='bbox 308 409 371 448; x_wconf 89' lang='lat' dir='ltr'><strong>non</strong></span> <span class='ocrx_word' id='word_1_5' title='bbox 388 390 581 464; x_wconf 56' lang='lat' dir='ltr'><strong>confitentum</strong></span> <span class='ocrx_word' id='word_1_6' title='bbox 611 391 644 450; x_wconf 91' lang='lat' dir='ltr'><strong>in</strong></span> <span class='ocrx_word' id='word_1_7' title='bbox 662 389 770 470; x_wconf 90' lang='lat' dir='ltr'><strong>quibus</strong></span> <span class='ocrx_word' id='word_1_8' title='bbox 788 395 890 451; x_wconf 77' lang='lat' dir='ltr'><strong>tamen</strong></span> <span class='ocrx_word' id='word_1_9' title='bbox 908 389 1018 450; x_wconf 84' lang='lat' dir='ltr'><strong>artium</strong></span> 
     </span>
     <span class='ocr_line' id='line_1_3' title="bbox 113 493 1019 555; baseline 0.003 -3"><span class='ocrx_word' id='word_1_10' title='bbox 113 493 283 553; x_wconf 85' lang='lat' dir='ltr'><strong>liberalium</strong></span> <span class='ocrx_word' id='word_1_11' title='bbox 307 493 407 554; x_wconf 83' lang='lat' dir='ltr'><strong>nullus</strong></span> <span class='ocrx_word' id='word_1_12' title='bbox 431 500 478 554; x_wconf 80' lang='lat' dir='ltr'><strong>est</strong></span> <span class='ocrx_word' id='word_1_13' title='bbox 501 495 592 555; x_wconf 84' lang='lat' dir='ltr'><strong>loeus.</strong></span> <span class='ocrx_word' id='word_1_14' title='bbox 636 495 781 555; x_wconf 73' lang='lat' dir='ltr'><strong>Graeeiam</strong></span> <span class='ocrx_word' id='word_1_15' title='bbox 805 495 1019 555; x_wconf 77' lang='lat' dir='ltr'><strong>animadverto·</strong></span> 
     </span>
     <span class='ocr_line' id='line_1_4' title="bbox 114 598 1021 679; baseline 0 -21"><span class='ocrx_word' id='word_1_16' title='bbox 114 618 202 658; x_wconf 86' lang='lat' dir='ltr'><strong>mus:</strong></span> <span class='ocrx_word' id='word_1_17' title='bbox 223 617 326 657; x_wconf 85' lang='lat' dir='ltr'><strong>ornnes</strong></span> <span class='ocrx_word' id='word_1_18' title='bbox 339 599 382 658; x_wconf 90' lang='lat' dir='ltr'><strong>ibi</strong></span> <span class='ocrx_word' id='word_1_19' title='bbox 394 617 494 658; x_wconf 84' lang='lat' dir='ltr'><strong>rerum</strong></span> <span class='ocrx_word' id='word_1_20' title='bbox 507 599 692 679; x_wconf 86' lang='lat' dir='ltr'><strong>publicarum</strong></span> <span class='ocrx_word' id='word_1_21' title='bbox 705 599 806 660; x_wconf 76' lang='lat' dir='ltr'><strong>forme</strong></span> <span class='ocrx_word' id='word_1_22' title='bbox 821 605 924 672; x_wconf 80' lang='lat' dir='ltr'><strong>eranb3</strong></span> <span class='ocrx_word' id='word_1_23' title='bbox 945 598 1021 677; x_wconf 86' lang='lat' dir='ltr'><strong>Argi</strong></span> 
     </span>
     <span class='ocr_line' id='line_1_5' title="bbox 117 702 1021 783; baseline -0.002 -19"><span class='ocrx_word' id='word_1_24' title='bbox 117 702 306 782; x_wconf 72' lang='lat' dir='ltr'><strong>Polyolebum</strong></span> <span class='ocrx_word' id='word_1_25' title='bbox 331 708 364 762; x_wconf 77' lang='lat' dir='ltr'><strong>el</strong></span> <span class='ocrx_word' id='word_1_26' title='bbox 383 703 456 764; x_wconf 85' lang='lat' dir='ltr'><strong>alios</strong></span> <span class='ocrx_word' id='word_1_27' title='bbox 476 703 509 764; x_wconf 89' lang='lat' dir='ltr'><strong>in</strong></span> <span class='ocrx_word' id='word_1_28' title='bbox 528 704 645 783; x_wconf 67' lang='lat' dir='ltr'><strong>pictura</strong></span> <span class='ocrx_word' id='word_1_29' title='bbox 664 704 779 766; x_wconf 87' lang='lat' dir='ltr'><strong>nobiles</strong></span> <span class='ocrx_word' id='word_1_30' title='bbox 802 719 948 782; x_wconf 83' lang='lat' dir='ltr'><strong>genuere3</strong></span> <span class='ocrx_word' id='word_1_31' title='bbox 977 723 1021 762; x_wconf 83' lang='lat' dir='ltr'><strong>se·</strong></span> 
     </span>
     <span class='ocr_line' id='line_1_6' title="bbox 115 807 1022 890; baseline 0 -22"><span class='ocrx_word' id='word_1_32' title='bbox 115 807 224 868; x_wconf 73' lang='lat' dir='ltr'><strong>eunde</strong></span> <span class='ocrx_word' id='word_1_33' title='bbox 238 808 275 868; x_wconf 74' lang='lat' dir='ltr'><strong>eb</strong></span> <span class='ocrx_word' id='word_1_34' title='bbox 289 809 419 868; x_wconf 71' lang='lat' dir='ltr'><strong>Athenis</strong></span> <span class='ocrx_word' id='word_1_35' title='bbox 435 809 468 868; x_wconf 91' lang='lat' dir='ltr'><strong>in</strong></span> <span class='ocrx_word' id='word_1_36' title='bbox 482 807 610 870; x_wconf 78' lang='lat' dir='ltr'>Hellade</span> <span class='ocrx_word' id='word_1_37' title='bbox 625 815 782 868; x_wconf 80' lang='lat' dir='ltr'><strong>evaserunt</strong></span> <span class='ocrx_word' id='word_1_38' title='bbox 797 811 906 890; x_wconf 83' lang='lat' dir='ltr'><strong>Sicyon</strong></span> <span class='ocrx_word' id='word_1_39' title='bbox 919 813 950 868; x_wconf 80' lang='lat' dir='ltr'><strong>el</strong></span> <span class='ocrx_word' id='word_1_40' title='bbox 966 809 1022 868; x_wconf 88' lang='lat' dir='ltr'><strong>Co-</strong></span> 
     </span>
     <span class='ocr_line' id='line_1_7' title="bbox 115 912 1021 992; baseline 0.001 -22"><span class='ocrx_word' id='word_1_41' title='bbox 115 912 255 985; x_wconf 78' lang='lat' dir='ltr'><strong>rinbbus3</strong></span> <span class='ocrx_word' id='word_1_42' title='bbox 271 912 304 971; x_wconf 91' lang='lat' dir='ltr'><strong>in</strong></span> <span class='ocrx_word' id='word_1_43' title='bbox 314 913 388 972; x_wconf 83' lang='lat' dir='ltr'><strong>Asia</strong></span> <span class='ocrx_word' id='word_1_44' title='bbox 397 913 507 992; x_wconf 89' lang='lat' dir='ltr'><strong>primas</strong></span> <span class='ocrx_word' id='word_1_45' title='bbox 518 913 640 972; x_wconf 80' lang='lat' dir='ltr'><strong>Rhodos</strong></span> <span class='ocrx_word' id='word_1_46' title='bbox 652 913 747 972; x_wconf 72' lang='lat' dir='ltr'><strong>multa</strong></span> <span class='ocrx_word' id='word_1_47' title='bbox 756 933 825 974; x_wconf 86' lang='lat' dir='ltr'><strong>oum</strong></span> <span class='ocrx_word' id='word_1_48' title='bbox 834 913 921 973; x_wconf 88' lang='lat' dir='ltr'><strong>laude</strong></span> <span class='ocrx_word' id='word_1_49' title='bbox 931 913 1021 972; x_wconf 74' lang='lat' dir='ltr'><strong>aulis:</strong></span> 
     </span>
     <span class='ocr_line' id='line_1_8' title="bbox 116 1016 1022 1097; baseline 0.002 -23"><span class='ocrx_word' id='word_1_50' title='bbox 116 1035 288 1096; x_wconf 83' lang='lat' dir='ltr'><strong>quanquam</strong></span> <span class='ocrx_word' id='word_1_51' title='bbox 306 1016 353 1076; x_wconf 82' lang='lat' dir='ltr'><strong>hae</strong></span> <span class='ocrx_word' id='word_1_52' title='bbox 371 1017 491 1095; x_wconf 89' lang='lat' dir='ltr'><strong>quidem</strong></span> <span class='ocrx_word' id='word_1_53' title='bbox 509 1016 686 1096; x_wconf 85' lang='lat' dir='ltr'><strong>oligarohiis‚</strong></span> <span class='ocrx_word' id='word_1_54' title='bbox 705 1037 779 1097; x_wconf 90' lang='lat' dir='ltr'><strong>quas</strong></span> <span class='ocrx_word' id='word_1_55' title='bbox 797 1017 950 1090; x_wconf 67' lang='lat' dir='ltr'><strong>vocabant,</strong></span> <span class='ocrx_word' id='word_1_56' title='bbox 971 1017 1022 1076; x_wconf 87' lang='lat' dir='ltr'><strong>ob-</strong></span> 
     </span>
     <span class='ocr_line' id='line_1_9' title="bbox 116 1119 1021 1202; baseline 0.001 -22"><span class='ocrx_word' id='word_1_57' title='bbox 116 1119 343 1200; x_wconf 73' lang='lat' dir='ltr'><strong>temperabant3</strong></span> <span class='ocrx_word' id='word_1_58' title='bbox 362 1139 411 1180; x_wconf 88' lang='lat' dir='ltr'><strong>res</strong></span> <span class='ocrx_word' id='word_1_59' title='bbox 424 1121 545 1180; x_wconf 88' lang='lat' dir='ltr'><strong>minime</strong></span> <span class='ocrx_word' id='word_1_60' title='bbox 559 1121 617 1180; x_wconf 79' lang='lat' dir='ltr'><strong>arbi</strong></span> <span class='ocrx_word' id='word_1_61' title='bbox 634 1121 749 1196; x_wconf 83' lang='lat' dir='ltr'><strong>idonea,</strong></span> <span class='ocrx_word' id='word_1_62' title='bbox 764 1143 832 1181; x_wconf 88' lang='lat' dir='ltr'><strong>cum</strong></span> <span class='ocrx_word' id='word_1_63' title='bbox 845 1123 939 1202; x_wconf 86' lang='lat' dir='ltr'><strong>major</strong></span> <span class='ocrx_word' id='word_1_64' title='bbox 951 1141 1021 1201; x_wconf 87' lang='lat' dir='ltr'><strong>pars</strong></span> 
     </span>
     <span class='ocr_line' id='line_1_10' title="bbox 117 1225 1022 1306; baseline -0.002 -20"><span class='ocrx_word' id='word_1_65' title='bbox 117 1226 228 1286; x_wconf 85' lang='lat' dir='ltr'><strong>civium</strong></span> <span class='ocrx_word' id='word_1_66' title='bbox 242 1225 377 1284; x_wconf 85' lang='lat' dir='ltr'><strong>servilem</strong></span> <span class='ocrx_word' id='word_1_67' title='bbox 392 1225 456 1285; x_wconf 74' lang='lat' dir='ltr'><strong>fere</strong></span> <span class='ocrx_word' id='word_1_68' title='bbox 468 1225 565 1286; x_wconf 82' lang='lat' dir='ltr'><strong>locum</strong></span> <span class='ocrx_word' id='word_1_69' title='bbox 579 1226 726 1286; x_wconf 70' lang='lat' dir='ltr'><strong>obtinent.</strong></span> <span class='ocrx_word' id='word_1_70' title='bbox 769 1227 818 1287; x_wconf 88' lang='lat' dir='ltr'><strong>Ne</strong></span> <span class='ocrx_word' id='word_1_71' title='bbox 833 1228 945 1306; x_wconf 74' lang='lat' dir='ltr'><strong>Spartae</strong></span> <span class='ocrx_word' id='word_1_72' title='bbox 959 1225 1022 1305; x_wconf 89' lang='lat' dir='ltr'><strong>qui-</strong></span> 
     </span>
     <span class='ocr_line' id='line_1_11' title="bbox 119 1329 1021 1410; baseline 0 -20"><span class='ocrx_word' id='word_1_73' title='bbox 119 1331 197 1402; x_wconf 89' lang='lat' dir='ltr'><strong>dem,</strong></span> <span class='ocrx_word' id='word_1_74' title='bbox 220 1329 292 1389; x_wconf 78' lang='lat' dir='ltr'><strong>lieet</strong></span> <span class='ocrx_word' id='word_1_75' title='bbox 319 1331 473 1410; x_wconf 71' lang='lat' dir='ltr'><strong>Spartanis</strong></span> <span class='ocrx_word' id='word_1_76' title='bbox 496 1337 558 1390; x_wconf 80' lang='lat' dir='ltr'><strong>tam</strong></span> <span class='ocrx_word' id='word_1_77' title='bbox 585 1330 738 1391; x_wconf 78' lang='lat' dir='ltr'><strong>illiberalia</strong></span> <span class='ocrx_word' id='word_1_78' title='bbox 763 1331 862 1390; x_wconf 78' lang='lat' dir='ltr'><strong>studia</strong></span> <span class='ocrx_word' id='word_1_79' title='bbox 885 1351 1021 1390; x_wconf 85' lang='lat' dir='ltr'><strong>exercere</strong></span> 
     </span>
    </p>
   </div>
   <div class='ocr_carea' id='block_1_2' title="bbox 120 1434 1021 1619">
    <p class='ocr_par' dir='ltr' id='par_1_2' title="bbox 120 1434 1021 1619">
     <span class='ocr_line' id='line_1_12' title="bbox 120 1434 1021 1514; baseline 0.001 -22"><span class='ocrx_word' id='word_1_80' title='bbox 120 1435 257 1508; x_wconf 74' lang='lat' dir='ltr'><strong>vetitum,</strong></span> <span class='ocrx_word' id='word_1_81' title='bbox 275 1455 337 1494; x_wconf 87' lang='lat' dir='ltr'><strong>non</strong></span> <span class='ocrx_word' id='word_1_82' title='bbox 359 1435 576 1496; x_wconf 80' lang='lat' dir='ltr'><strong>Laoedaemonii</strong></span> <span class='ocrx_word' id='word_1_83' title='bbox 598 1434 709 1514; x_wconf 89' lang='lat' dir='ltr'><strong>aliquid</strong></span> <span class='ocrx_word' id='word_1_84' title='bbox 727 1435 866 1494; x_wconf 85' lang='lat' dir='ltr'><strong>eximium</strong></span> <span class='ocrx_word' id='word_1_85' title='bbox 885 1455 1021 1514; x_wconf 88' lang='lat' dir='ltr'><strong>asseque-</strong></span> 
     </span>
     <span class='ocr_line' id='line_1_13' title="bbox 121 1539 1004 1619; baseline -0.001 -21"><span class='ocrx_word' id='word_1_86' title='bbox 121 1539 249 1613; x_wconf 80' lang='lat' dir='ltr'><strong>bantur3</strong></span> <span class='ocrx_word' id='word_1_87' title='bbox 270 1539 331 1613; x_wconf 87' lang='lat' dir='ltr'><strong>sed,</strong></span> <span class='ocrx_word' id='word_1_88' title='bbox 345 1549 381 1598; x_wconf 77' lang='lat' dir='ltr'><strong>ub</strong></span> <span class='ocrx_word' id='word_1_89' title='bbox 395 1540 432 1599; x_wconf 89' lang='lat' dir='ltr'><strong>de</strong></span> <span class='ocrx_word' id='word_1_90' title='bbox 445 1539 579 1619; x_wconf 71' lang='lat' dir='ltr'><strong>pristinis</strong></span> <span class='ocrx_word' id='word_1_91' title='bbox 592 1541 693 1600; x_wconf 80' lang='lat' dir='ltr'><strong>Rome</strong></span> <span class='ocrx_word' id='word_1_92' title='bbox 706 1540 838 1600; x_wconf 87' lang='lat' dir='ltr'><strong>moribus</strong></span> <span class='ocrx_word' id='word_1_93' title='bbox 849 1539 1004 1614; x_wconf 83' lang='lat' dir='ltr'><strong>Horatius,</strong></span> 
     </span>
    </p>
   </div>
   <div class='ocr_carea' id='block_1_3' title="bbox 298 1705 777 2176">
    <p class='ocr_par' dir='ltr' id='par_1_3' title="bbox 298 1705 777 2176">
     <span class='ocr_line' id='line_1_14' title="bbox 298 1705 757 1764; baseline -0.004 -10"><span class='ocrx_word' id='word_1_94' title='bbox 298 1706 435 1754; x_wconf 82' lang='lat' dir='ltr'><strong>“Privatus</strong></span> <span class='ocrx_word' id='word_1_95' title='bbox 446 1705 496 1754; x_wconf 85' lang='lat' dir='ltr'><strong>illis</strong></span> <span class='ocrx_word' id='word_1_96' title='bbox 507 1721 594 1754; x_wconf 85' lang='lat' dir='ltr'><strong>census</strong></span> <span class='ocrx_word' id='word_1_97' title='bbox 605 1715 657 1754; x_wconf 87' lang='lat' dir='ltr'><strong>erat</strong></span> <span class='ocrx_word' id='word_1_98' title='bbox 667 1706 757 1764; x_wconf 82' lang='lat' dir='ltr'><strong>brevia,</strong></span> 
     </span>
     <span class='ocr_line' id='line_1_15' title="bbox 318 1788 590 1850; baseline 0.004 -15"><span class='ocrx_word' id='word_1_99' title='bbox 318 1788 455 1836; x_wconf 87' lang='lat' dir='ltr'><strong>Commune</strong></span> <span class='ocrx_word' id='word_1_100' title='bbox 466 1803 590 1850; x_wconf 83' lang='lat' dir='ltr'><strong>magnum.</strong></span> 
     </span>
     <span class='ocr_line' id='line_1_16' title="bbox 317 1869 762 1932; baseline 0 -16"><span class='ocrx_word' id='word_1_101' title='bbox 317 1869 371 1917; x_wconf 84' lang='lat' dir='ltr'><strong>Neo</strong></span> <span class='ocrx_word' id='word_1_102' title='bbox 383 1870 510 1917; x_wconf 77' lang='lat' dir='ltr'><strong>fortuitum</strong></span> <span class='ocrx_word' id='word_1_103' title='bbox 524 1885 636 1932; x_wconf 83' lang='lat' dir='ltr'><strong>spernere</strong></span> <span class='ocrx_word' id='word_1_104' title='bbox 647 1870 762 1932; x_wconf 77' lang='lat' dir='ltr'><strong>cespitem</strong></span> 
     </span>
     <span class='ocr_line' id='line_1_17' title="bbox 318 1951 739 2014; baseline 0 -16"><span class='ocrx_word' id='word_1_105' title='bbox 318 1951 398 2013; x_wconf 81' lang='lat' dir='ltr'><strong>Leges</strong></span> <span class='ocrx_word' id='word_1_106' title='bbox 408 1951 527 2009; x_wconf 77' lang='lat' dir='ltr'><strong>sinebant,</strong></span> <span class='ocrx_word' id='word_1_107' title='bbox 539 1952 630 2014; x_wconf 82' lang='lat' dir='ltr'><strong>oppida</strong></span> <span class='ocrx_word' id='word_1_108' title='bbox 640 1952 739 2014; x_wconf 81' lang='lat' dir='ltr'><strong>publico</strong></span> 
     </span>
     <span class='ocr_line' id='line_1_18' title="bbox 350 2033 738 2096; baseline 0 -16"><span class='ocrx_word' id='word_1_109' title='bbox 350 2033 457 2096; x_wconf 85' lang='lat' dir='ltr'><strong>Sumptu</strong></span> <span class='ocrx_word' id='word_1_110' title='bbox 466 2033 581 2094; x_wconf 79' lang='lat' dir='ltr'><strong>Jubeutes</strong></span> <span class='ocrx_word' id='word_1_111' title='bbox 592 2039 617 2082; x_wconf 85' lang='lat' dir='ltr'><strong>et</strong></span> <span class='ocrx_word' id='word_1_112' title='bbox 629 2033 738 2082; x_wconf 83' lang='lat' dir='ltr'><strong>Deorum</strong></span> 
     </span>
     <span class='ocr_line' id='line_1_19' title="bbox 382 2112 777 2176; baseline 0 -16"><span class='ocrx_word' id='word_1_113' title='bbox 382 2112 486 2176; x_wconf 84' lang='lat' dir='ltr'><strong>Templa</strong></span> <span class='ocrx_word' id='word_1_114' title='bbox 496 2128 558 2160; x_wconf 87' lang='lat' dir='ltr'><strong>novo</strong></span> <span class='ocrx_word' id='word_1_115' title='bbox 570 2113 682 2162; x_wconf 84' lang='lat' dir='ltr'><strong>decorare</strong></span> <span class='ocrx_word' id='word_1_116' title='bbox 693 2117 777 2160; x_wconf 83' lang='lat' dir='ltr'><strong>saxo.&#39;&#39;</strong></span> 
     </span>
    </p>
   </div>
   <div class='ocr_carea' id='block_1_4' title="bbox 122 2258 1028 3706">
    <p class='ocr_par' dir='ltr' id='par_1_4' title="bbox 122 2258 1028 3706">
     <span class='ocr_line' id='line_1_20' title="bbox 126 2258 1024 2340; baseline -0.003 -20"><span class='ocrx_word' id='word_1_117' title='bbox 126 2259 209 2336; x_wconf 79' lang='lat' dir='ltr'><strong>Quin</strong></span> <span class='ocrx_word' id='word_1_118' title='bbox 228 2259 358 2339; x_wconf 73' lang='lat' dir='ltr'><strong>tyrann,</strong></span> <span class='ocrx_word' id='word_1_119' title='bbox 381 2258 476 2339; x_wconf 78' lang='lat' dir='ltr'><strong>quid?</strong></span> <span class='ocrx_word' id='word_1_120' title='bbox 508 2259 689 2340; x_wconf 72' lang='lat' dir='ltr'><strong>Polycrates,</strong></span> <span class='ocrx_word' id='word_1_121' title='bbox 712 2259 802 2330; x_wconf 87' lang='lat' dir='ltr'><strong>Sami,</strong></span> <span class='ocrx_word' id='word_1_122' title='bbox 825 2258 1024 2332; x_wconf 75' lang='lat' dir='ltr'><strong>Pisistralida,</strong></span> 
     </span>
     <span class='ocr_line' id='line_1_21' title="bbox 122 2362 1023 2444; baseline -0.004 -18"><span class='ocrx_word' id='word_1_123' title='bbox 122 2364 262 2439; x_wconf 73' lang='lat' dir='ltr'><strong>Athenis,</strong></span> <span class='ocrx_word' id='word_1_124' title='bbox 285 2364 382 2424; x_wconf 84' lang='lat' dir='ltr'><strong>Hiero</strong></span> <span class='ocrx_word' id='word_1_125' title='bbox 404 2363 556 2444; x_wconf 82' lang='lat' dir='ltr'><strong>Syracusis</strong></span> <span class='ocrx_word' id='word_1_126' title='bbox 579 2369 660 2424; x_wconf 76' lang='lat' dir='ltr'><strong>arbos</strong></span> <span class='ocrx_word' id='word_1_127' title='bbox 683 2385 772 2443; x_wconf 83' lang='lat' dir='ltr'><strong>quam</strong></span> <span class='ocrx_word' id='word_1_128' title='bbox 794 2363 922 2423; x_wconf 86' lang='lat' dir='ltr'><strong>maxime</strong></span> <span class='ocrx_word' id='word_1_129' title='bbox 943 2362 1023 2423; x_wconf 82' lang='lat' dir='ltr'><strong>fore·</strong></span> 
     </span>
     <span class='ocr_line' id='line_1_22' title="bbox 122 2469 1023 2550; baseline -0.007 -16"><span class='ocrx_word' id='word_1_130' title='bbox 122 2474 206 2535; x_wconf 75' lang='lat' dir='ltr'><strong>bant.</strong></span> <span class='ocrx_word' id='word_1_131' title='bbox 256 2471 338 2548; x_wconf 82' lang='lat' dir='ltr'><strong>Quid</strong></span> <span class='ocrx_word' id='word_1_132' title='bbox 359 2472 476 2550; x_wconf 69' lang='lat' dir='ltr'><strong>igituir?</strong></span> <span class='ocrx_word' id='word_1_133' title='bbox 508 2471 589 2532; x_wconf 91' lang='lat' dir='ltr'><strong>siin</strong></span> <span class='ocrx_word' id='word_1_134' title='bbox 612 2472 731 2532; x_wconf 87' lang='lat' dir='ltr'><strong>omnius</strong></span> <span class='ocrx_word' id='word_1_135' title='bbox 751 2471 832 2530; x_wconf 87' lang='lat' dir='ltr'><strong>modi</strong></span> <span class='ocrx_word' id='word_1_136' title='bbox 853 2469 1023 2530; x_wconf 75' lang='lat' dir='ltr'><strong>civitatibus</strong></span> 
     </span>
     <span class='ocr_line' id='line_1_23' title="bbox 122 2574 1023 2656; baseline -0.006 -18"><span class='ocrx_word' id='word_1_137' title='bbox 122 2597 170 2639; x_wconf 80' lang='lat' dir='ltr'><strong>ars</strong></span> <span class='ocrx_word' id='word_1_138' title='bbox 190 2577 377 2656; x_wconf 75' lang='lat' dir='ltr'><strong>aliquantum</strong></span> <span class='ocrx_word' id='word_1_139' title='bbox 395 2575 506 2650; x_wconf 73' lang='lat' dir='ltr'><strong>uonna,</strong></span> <span class='ocrx_word' id='word_1_140' title='bbox 527 2597 628 2636; x_wconf 87' lang='lat' dir='ltr'><strong>nonne</strong></span> <span class='ocrx_word' id='word_1_141' title='bbox 647 2575 819 2656; x_wconf 80' lang='lat' dir='ltr'><strong>negandum</strong></span> <span class='ocrx_word' id='word_1_142' title='bbox 836 2579 962 2655; x_wconf 76' lang='lat' dir='ltr'><strong>propter</strong></span> <span class='ocrx_word' id='word_1_143' title='bbox 979 2574 1023 2633; x_wconf 86' lang='lat' dir='ltr'><strong>in·</strong></span> 
     </span>
     <span class='ocr_line' id='line_1_24' title="bbox 124 2679 1025 2744; baseline -0.008 -1"><span class='ocrx_word' id='word_1_144' title='bbox 124 2683 233 2744; x_wconf 79' lang='lat' dir='ltr'><strong>stiluta</strong></span> <span class='ocrx_word' id='word_1_145' title='bbox 254 2681 287 2740; x_wconf 90' lang='lat' dir='ltr'><strong>id</strong></span> <span class='ocrx_word' id='word_1_146' title='bbox 310 2701 369 2740; x_wconf 79' lang='lat' dir='ltr'><strong>usn</strong></span> <span class='ocrx_word' id='word_1_147' title='bbox 390 2681 529 2742; x_wconf 75' lang='lat' dir='ltr'><strong>venisse?</strong></span> <span class='ocrx_word' id='word_1_148' title='bbox 572 2681 681 2742; x_wconf 81' lang='lat' dir='ltr'><strong>Creare</strong></span> <span class='ocrx_word' id='word_1_149' title='bbox 704 2685 801 2740; x_wconf 78' lang='lat' dir='ltr'><strong>arbem</strong></span> <span class='ocrx_word' id='word_1_150' title='bbox 824 2679 967 2738; x_wconf 76' lang='lat' dir='ltr'><strong>instituta</strong></span> <span class='ocrx_word' id='word_1_151' title='bbox 992 2684 1025 2737; x_wconf 65' lang='lat' dir='ltr'><strong>et</strong></span> 
     </span>
     <span class='ocr_line' id='line_1_25' title="bbox 123 2781 1026 2865; baseline -0.008 -17"><span class='ocrx_word' id='word_1_152' title='bbox 123 2787 206 2864; x_wconf 84' lang='lat' dir='ltr'><strong>leges</strong></span> <span class='ocrx_word' id='word_1_153' title='bbox 219 2783 416 2865; x_wconf 74' lang='lat' dir='ltr'><strong>proculdubio</strong></span> <span class='ocrx_word' id='word_1_154' title='bbox 429 2791 592 2864; x_wconf 78' lang='lat' dir='ltr'><strong>nequeunt.</strong></span> <span class='ocrx_word' id='word_1_155' title='bbox 616 2785 705 2862; x_wconf 74' lang='lat' dir='ltr'><strong>Quod</strong></span> <span class='ocrx_word' id='word_1_156' title='bbox 718 2785 745 2845; x_wconf 91' lang='lat' dir='ltr'><strong>si</strong></span> <span class='ocrx_word' id='word_1_157' title='bbox 752 2784 875 2844; x_wconf 86' lang='lat' dir='ltr'><strong>eandem</strong></span> <span class='ocrx_word' id='word_1_158' title='bbox 888 2781 1026 2864; x_wconf 75' lang='lat' dir='ltr'><strong>perfeeti-</strong></span> 
     </span>
     <span class='ocr_line' id='line_1_26' title="bbox 126 2887 1027 2970; baseline -0.003 -21"><span class='ocrx_word' id='word_1_159' title='bbox 126 2909 207 2949; x_wconf 86' lang='lat' dir='ltr'><strong>orem</strong></span> <span class='ocrx_word' id='word_1_160' title='bbox 220 2889 277 2948; x_wconf 82' lang='lat' dir='ltr'><strong>sub</strong></span> <span class='ocrx_word' id='word_1_161' title='bbox 290 2889 347 2948; x_wconf 77' lang='lat' dir='ltr'><strong>hae</strong></span> <span class='ocrx_word' id='word_1_162' title='bbox 359 2909 447 2967; x_wconf 85' lang='lat' dir='ltr'><strong>quam</strong></span> <span class='ocrx_word' id='word_1_163' title='bbox 466 2890 522 2950; x_wconf 83' lang='lat' dir='ltr'><strong>rub</strong></span> <span class='ocrx_word' id='word_1_164' title='bbox 540 2891 592 2951; x_wconf 91' lang='lat' dir='ltr'><strong>illa</strong></span> <span class='ocrx_word' id='word_1_165' title='bbox 608 2890 780 2970; x_wconf 78' lang='lat' dir='ltr'><strong>reipublicae</strong></span> <span class='ocrx_word' id='word_1_166' title='bbox 791 2889 888 2948; x_wconf 64' lang='lat' dir='ltr'><strong>fornia</strong></span> <span class='ocrx_word' id='word_1_167' title='bbox 899 2887 1027 2948; x_wconf 69' lang='lat' dir='ltr'><strong>evasiaee</strong></span> 
     </span>
     <span class='ocr_line' id='line_1_27' title="bbox 126 2994 1026 3076; baseline -0.004 -20"><span class='ocrx_word' id='word_1_168' title='bbox 126 2995 300 3067; x_wconf 85' lang='lat' dir='ltr'><strong>videbimus,</strong></span> <span class='ocrx_word' id='word_1_169' title='bbox 321 2994 398 3054; x_wconf 82' lang='lat' dir='ltr'><strong>alere</strong></span> <span class='ocrx_word' id='word_1_170' title='bbox 419 3015 484 3056; x_wconf 83' lang='lat' dir='ltr'><strong>eam</strong></span> <span class='ocrx_word' id='word_1_171' title='bbox 508 2997 573 3071; x_wconf 81' lang='lat' dir='ltr'><strong>alia,</strong></span> <span class='ocrx_word' id='word_1_172' title='bbox 595 2997 653 3056; x_wconf 85' lang='lat' dir='ltr'><strong>alia</strong></span> <span class='ocrx_word' id='word_1_173' title='bbox 671 2996 832 3076; x_wconf 76' lang='lat' dir='ltr'><strong>reprimere</strong></span> <span class='ocrx_word' id='word_1_174' title='bbox 852 3013 954 3054; x_wconf 90' lang='lat' dir='ltr'><strong>nonne</strong></span> <span class='ocrx_word' id='word_1_175' title='bbox 977 3013 1026 3053; x_wconf 87' lang='lat' dir='ltr'><strong>ex·</strong></span> 
     </span>
     <span class='ocr_line' id='line_1_28' title="bbox 125 3095 1026 3176; baseline -0.003 -16"><span class='ocrx_word' id='word_1_176' title='bbox 125 3095 341 3160; x_wconf 70' lang='lat' dir='ltr'><strong>minandum?</strong></span> <span class='ocrx_word' id='word_1_177' title='bbox 361 3117 448 3176; x_wconf 85' lang='lat' dir='ltr'><strong>porro</strong></span> <span class='ocrx_word' id='word_1_178' title='bbox 467 3100 493 3159; x_wconf 88' lang='lat' dir='ltr'><strong>si</strong></span> <span class='ocrx_word' id='word_1_179' title='bbox 513 3100 738 3160; x_wconf 77' lang='lat' dir='ltr'><strong>florentissimas</strong></span> <span class='ocrx_word' id='word_1_180' title='bbox 756 3098 830 3158; x_wconf 72' lang='lat' dir='ltr'><strong>artis</strong></span> <span class='ocrx_word' id='word_1_181' title='bbox 848 3101 952 3158; x_wconf 76' lang='lat' dir='ltr'><strong>aetates</strong></span> <span class='ocrx_word' id='word_1_182' title='bbox 971 3096 1026 3157; x_wconf 82' lang='lat' dir='ltr'><strong>sub</strong></span> 
     </span>
     <span class='ocr_line' id='line_1_29' title="bbox 125 3199 1028 3283; baseline -0.004 -19"><span class='ocrx_word' id='word_1_183' title='bbox 125 3201 231 3264; x_wconf 86' lang='lat' dir='ltr'><strong>iisdem</strong></span> <span class='ocrx_word' id='word_1_184' title='bbox 243 3199 396 3261; x_wconf 71' lang='lat' dir='ltr'><strong>institutis</strong></span> <span class='ocrx_word' id='word_1_185' title='bbox 413 3201 514 3278; x_wconf 77' lang='lat' dir='ltr'><strong>fuisse,</strong></span> <span class='ocrx_word' id='word_1_186' title='bbox 527 3225 628 3264; x_wconf 87' lang='lat' dir='ltr'><strong>nonne</strong></span> <span class='ocrx_word' id='word_1_187' title='bbox 642 3203 760 3283; x_wconf 83' lang='lat' dir='ltr'><strong>egregie</strong></span> <span class='ocrx_word' id='word_1_188' title='bbox 773 3203 832 3262; x_wconf 78' lang='lat' dir='ltr'><strong>ista</strong></span> <span class='ocrx_word' id='word_1_189' title='bbox 844 3202 903 3261; x_wconf 79' lang='lat' dir='ltr'><strong>arbi</strong></span> <span class='ocrx_word' id='word_1_190' title='bbox 920 3201 1028 3261; x_wconf 86' lang='lat' dir='ltr'><strong>idonea</strong></span> 
     </span>
     <span class='ocr_line' id='line_1_30' title="bbox 125 3305 1026 3390; baseline -0.004 -20"><span class='ocrx_word' id='word_1_191' title='bbox 125 3329 190 3370; x_wconf 83' lang='lat' dir='ltr'><strong>esse</strong></span> <span class='ocrx_word' id='word_1_192' title='bbox 203 3305 449 3369; x_wconf 74' lang='lat' dir='ltr'><strong>eoncedendum?</strong></span> <span class='ocrx_word' id='word_1_193' title='bbox 490 3309 541 3370; x_wconf 72' lang='lat' dir='ltr'><strong>Ila</strong></span> <span class='ocrx_word' id='word_1_194' title='bbox 558 3310 678 3390; x_wconf 86' lang='lat' dir='ltr'><strong>quidem</strong></span> <span class='ocrx_word' id='word_1_195' title='bbox 696 3308 821 3368; x_wconf 77' lang='lat' dir='ltr'><strong>videtur.</strong></span> <span class='ocrx_word' id='word_1_196' title='bbox 864 3307 885 3366; x_wconf 88' lang='lat' dir='ltr'><strong>J</strong></span> <span class='ocrx_word' id='word_1_197' title='bbox 886 3327 933 3368; x_wconf 88' lang='lat' dir='ltr'><strong>am</strong></span> <span class='ocrx_word' id='word_1_198' title='bbox 953 3307 1026 3366; x_wconf 85' lang='lat' dir='ltr'><strong>duas</strong></span> 
     </span>
     <span class='ocr_line' id='line_1_31' title="bbox 125 3411 1027 3493; baseline -0.007 -17"><span class='ocrx_word' id='word_1_199' title='bbox 125 3413 259 3476; x_wconf 87' lang='lat' dir='ltr'><strong>omnium</strong></span> <span class='ocrx_word' id='word_1_200' title='bbox 275 3413 538 3493; x_wconf 66' lang='lat' dir='ltr'><strong>praestantissimas</strong></span> <span class='ocrx_word' id='word_1_201' title='bbox 555 3414 588 3474; x_wconf 91' lang='lat' dir='ltr'><strong>in</strong></span> <span class='ocrx_word' id='word_1_202' title='bbox 606 3413 715 3473; x_wconf 73' lang='lat' dir='ltr'><strong>artium</strong></span> <span class='ocrx_word' id='word_1_203' title='bbox 732 3413 898 3474; x_wconf 83' lang='lat' dir='ltr'><strong>liberalium</strong></span> <span class='ocrx_word' id='word_1_204' title='bbox 918 3411 1027 3471; x_wconf 67' lang='lat' dir='ltr'><strong>sardii:</strong></span> 
     </span>
     <span class='ocr_line' id='line_1_32' title="bbox 125 3514 1026 3600; baseline -0.006 -20"><span class='ocrx_word' id='word_1_205' title='bbox 125 3518 214 3580; x_wconf 80' lang='lat' dir='ltr'><strong>rubes</strong></span> <span class='ocrx_word' id='word_1_206' title='bbox 228 3517 394 3600; x_wconf 86' lang='lat' dir='ltr'><strong>aooepimus</strong></span> <span class='ocrx_word' id='word_1_207' title='bbox 407 3519 545 3580; x_wconf 77' lang='lat' dir='ltr'><strong>Albanas</strong></span> <span class='ocrx_word' id='word_1_208' title='bbox 557 3523 589 3578; x_wconf 79' lang='lat' dir='ltr'><strong>et</strong></span> <span class='ocrx_word' id='word_1_209' title='bbox 607 3517 800 3578; x_wconf 67' lang='lat' dir='ltr'><strong>moenum</strong></span> <span class='ocrx_word' id='word_1_210' title='bbox 841 3517 975 3593; x_wconf 69' lang='lat' dir='ltr'><strong>Quarum</strong></span> <span class='ocrx_word' id='word_1_211' title='bbox 992 3514 1026 3575; x_wconf 86' lang='lat' dir='ltr'><strong>in</strong></span> 
     </span>
     <span class='ocr_line' id='line_1_33' title="bbox 125 3619 1024 3706; baseline -0.007 -18"><span class='ocrx_word' id='word_1_212' title='bbox 125 3623 175 3688; x_wconf 88' lang='lat' dir='ltr'><strong>illa</strong></span> <span class='ocrx_word' id='word_1_213' title='bbox 191 3624 323 3706; x_wconf 83' lang='lat' dir='ltr'><strong>primum</strong></span> <span class='ocrx_word' id='word_1_214' title='bbox 341 3623 397 3685; x_wconf 82' lang='lat' dir='ltr'><strong>rub</strong></span> <span class='ocrx_word' id='word_1_215' title='bbox 416 3623 530 3686; x_wconf 76' lang='lat' dir='ltr'><strong>Pericle</strong></span> <span class='ocrx_word' id='word_1_216' title='bbox 546 3622 679 3704; x_wconf 75' lang='lat' dir='ltr'><strong>perfecta</strong></span> <span class='ocrx_word' id='word_1_217' title='bbox 697 3643 746 3684; x_wconf 79' lang='lat' dir='ltr'><strong>ars</strong></span> <span class='ocrx_word' id='word_1_218' title='bbox 762 3621 833 3696; x_wconf 80' lang='lat' dir='ltr'><strong>luit,</strong></span> <span class='ocrx_word' id='word_1_219' title='bbox 844 3622 877 3682; x_wconf 91' lang='lat' dir='ltr'><strong>in</strong></span> <span class='ocrx_word' id='word_1_220' title='bbox 894 3621 951 3682; x_wconf 76' lang='lat' dir='ltr'><strong>hro</strong></span> <span class='ocrx_word' id='word_1_221' title='bbox 968 3619 1024 3682; x_wconf 83' lang='lat' dir='ltr'><strong>sub</strong></span> 
     </span>
    </p>
   </div>
   <div class='ocr_carea' id='block_1_5' title="bbox 0 0 1253 4046">
    <p class='ocr_par' dir='ltr' id='par_1_5' title="bbox 0 0 1253 4046">
     <span class='ocr_line' id='line_1_34' title="bbox 0 0 1253 4046; baseline 0 0"><span class='ocrx_word' id='word_1_222' title='bbox 0 0 1253 4046; x_wconf 95' lang='lat' dir='ltr'><strong> </strong></span> 
     </span>
    </p>
   </div>
  </div>
 </body>
</html>
