2470 4046
628 197 666 273 aa

200 349 333 420 mulaeris
352 359 434 420 nulla
458 362 563 420 artium
584 379 646 420 non
665 379 720 420 usa
741 365 796 420 est.
838 359 1015 434 Romanam,
1039 380 1109 437 quae

200 469 322 523 eruenta
334 468 365 522 et
385 468 468 524 atrox
485 463 551 538 fuit,
564 485 620 524 nee
635 465 717 544 poesi
733 463 793 523 ulla
813 463 946 534 formata,
959 483 1022 524 nee
1035 465 1111 522 vera

199 568 257 628 fide
270 569 389 643 eredita,
403 573 499 628 minus
515 573 615 648 aptam
632 571 689 629 arti
705 568 795 628 fuisse
812 568 952 628 diximus:
975 570 1035 628 sed
1048 589 1109 627 nee

198 673 370 762 neligionem
389 694 444 734 nee
456 675 560 752 poesin
579 673 697 732 ultimas
717 673 789 754 ejus,
804 672 840 732 de
859 693 916 750 quo
930 673 1108 750 quaerimus,

200 791 300 838 'causas
317 779 416 852 fuisse,
431 778 483 838 sed
499 778 537 838 ad
559 781 709 857 ingenium
729 778 829 838 ambas
845 777 1016 838 referendas
1037 799 1108 839 esse

200 883 438 942 eonfiumavimus.
479 883 627 942 Instituta
646 887 753 956 autem,
767 903 834 942 cum
856 887 918 942 tam
940 882 1061 942 diversa
1074 886 1109 942 in

202 986 314 1045 Graecia
331 990 441 1055 essent,
455 988 486 1044 in
506 985 610 1062 quibus
629 990 730 1044 tamen
750 985 884 1046 omnibus
905 1007 952 1046 ars
969 986 1107 1058 floreret,

200 1091 271 1148 artis
292 1109 405 1149 eausam
425 1088 516 1148 fuisse
535 1093 720 1168 negavimus;
742 1110 879 1150 concesso
897 1095 998 1150 tamen
1021 1091 1107 1150 illam

200 1195 426 1255 Atheniensium
440 1202 490 1255 ὑπὸ
510 1205 556 1255 τοῦ
573 1203 676 1273 πρώτου
694 1199 785 1273 ἀνδρὸς
802 1202 973 1274 δημοκρατίαν
986 1219 1026 1258 ex
1041 1218 1107 1257 om-

199 1299 286 1359 nibus
299 1300 588 1380 rerumpublicarum
603 1299 703 1360 formis
724 1302 903 1380 aptissimam
917 1304 974 1361 arti
987 1301 1105 1361 videri:

200 1403 251 1463 sed
271 1405 372 1464 Ramae
390 1423 458 1464 vero
476 1409 507 1464 et
522 1405 688 1466 libertatem
707 1405 833 1484 primum
845 1405 936 1465 fuisse
949 1411 980 1465 et
993 1411 1108 1486 postea

198 1511 403 1588 principatum,
417 1529 490 1586 quas
504 1509 576 1568 duas
595 1513 721 1568 omnium
741 1511 892 1569 civitatum
905 1513 961 1569 arti
974 1513 1106 1570 maxime

199 1615 320 1676 idoneas
337 1633 401 1673 esse
414 1613 547 1694 plerique
560 1614 673 1682 volunt,
687 1612 829 1673 vidimus:
850 1613 993 1674 instituta
1004 1614 1107 1694 igitur

199 1739 253 1800 per
272 1739 304 1778 se
322 1738 424 1778 causas
443 1719 517 1798 ejus,
532 1718 568 1778 de
586 1739 644 1797 quo
665 1717 830 1796 quaerimus,
849 1738 911 1778 non
927 1718 1106 1798 posuimus3

200 1843 265 1903 quae
292 1822 380 1882 etiam
407 1823 445 1880 ad
471 1822 622 1900 ingenium
649 1821 856 1882 revocavimus.
911 1823 1024 1894 Mores,
1051 1821 1106 1902 qui

200 1927 328 1986 Athenis
342 1926 434 1986 otium
448 1931 479 1984 et
492 1925 683 2005 voluptatem,
696 1925 796 1986 Romae
814 1925 944 1987 laborem
957 1931 988 1985 et
1005 1925 1105 2006 parsi-

199 2031 326 2091 moniam
346 2029 508 2104 docebant3
529 2035 560 2089 et
581 2030 796 2090 oblectamenta
815 2030 874 2090 iilis
894 2031 1047 2090 theatrum
1070 2035 1104 2089 et

198 2135 322 2209 fabulas,
335 2134 382 2194 his
396 2135 505 2195 cineum
524 2119 556 2194 et
572 2134 666 2195 eaedes
682 2134 905 2215 proponebant3
926 2141 957 2194 et
970 2135 1103 2194 Atheni·

200 2241 313 2301 ensium
332 2240 442 2320 pubem
462 2239 500 2299 ad
521 2239 623 2300 literas
643 2244 674 2299 et
694 2239 879 2318 elegantiam,
900 2239 1102 2301 Romanorum

199 2346 238 2406 ad
255 2365 335 2405 arma
354 2350 385 2404 et
405 2345 489 2424 leges
507 2343 723 2426 instituebant;
745 2345 838 2405 multo
856 2345 949 2423 magis
967 2344 1102 2405 Athenis

200 2471 287 2531 quam
304 2450 406 2510 Romae
420 2449 477 2509 arti
494 2448 601 2509 favisse
620 2449 818 2508 ostendimus:
840 2449 892 2508 sed
905 2455 936 2508 et
953 2450 1008 2509 hos
1027 2470 1100 2530 quo-¹

200 2577 258 2636 que
277 2576 384 2635 magna
403 2576 439 2615 ex
459 2559 544 2635 parte
564 2555 601 2614 ad
620 2553 772 2634 ingenium
791 2553 970 2614 referendos.
1011 2556 1100 2634 Inge-

199 2662 281 2722 nium
313 2660 406 2740 igitur
436 2658 578 2740 imprimis
610 2678 727 2718 eausam
755 2657 848 2718 fiiisse
882 2658 1016 2732 diximus,
1044 2679 1100 2718 eur

203 2765 315 2826 Graeeis
335 2764 462 2824 Romani
481 2765 514 2823 in
533 2763 642 2824 artium
661 2763 825 2823 liberalium
846 2762 952 2822 studiis
971 2762 1099 2842 impares

200 2870 363 2929 evaserint:
385 2868 453 2947 quia
470 2867 529 2928 illis
547 2867 641 2948 primo
660 2887 765 2927 sensus
778 2866 944 2926 venustatis
957 2867 1016 2927 fuit
1030 2868 1098 2927 sub-

199 2973 362 3048 tilissimus,
377 2973 482 3034 deinde
504 2977 585 3033 certa
598 2993 632 3032 ae
652 2972 737 3031 finita
759 2971 943 3050 concipiendi
963 2971 1098 3044 factitias,
1211 3037 1212 3044 χ

200 3077 290 3138 tertio
311 3077 348 3138 ad
368 3078 462 3146 varias
485 3098 532 3138 res
551 3077 679 3156 agendas
699 3075 793 3136 facilis
811 3075 947 3154 agilitas:
978 3075 1099 3155 quibus-

200 3203 265 3242 cum
287 3174 446 3262 conjuncta
468 3188 554 3242 erant
576 3203 690 3241 morum
712 3179 819 3260 pietas,
836 3180 1001 3254 elementia,
1025 3181 1097 3240 hile·

96 3278 100 3289 ¹
200 3290 281 3360 ritas,
308 3293 471 3365 εὐτραπελία,
496 3307 638 3346 novarum
663 3305 762 3344 rerum
788 3304 869 3344 amor
895 3289 927 3343 et
955 3284 1097 3358 inventio,

199 3393 294 3454 laudis
308 3394 423 3473 cupido,
437 3393 561 3474 impigra
573 3393 605 3451 in
619 3391 754 3452 omnibus
767 3390 922 3450 industria.
964 3393 1095 3450 Romano

201 3504 300 3557 autam
321 3497 395 3558 nihil
416 3497 521 3568 mollis,
543 3496 618 3556 nihil
640 3494 750 3575 poetici
772 3493 848 3568 suin
883 3493 974 3554 durus
997 3494 1044 3554 hie
1066 3499 1097 3552 et
