<?xml version="1.0" encoding="UTF-8"?>
<!DOCTYPE html PUBLIC "-//W3C//DTD XHTML 1.0 Transitional//EN"
    "http://www.w3.org/TR/xhtml1/DTD/xhtml1-transitional.dtd">
<html xmlns="http://www.w3.org/1999/xhtml" xml:lang="en" lang="en">
 <head>
  <title>
</title>
<meta http-equiv="Content-Type" content="text/html;charset=utf-8" />
  <meta name='ocr-system' content='tesseract 3.04.00' />
  <meta name='ocr-capabilities' content='ocr_page ocr_carea ocr_par ocr_line ocrx_word'/>
</head>
<body>
  <div class='ocr_page' id='page_1' title='image "./qunamprcipuecau00riddgoog_0026.png"; bbox 0 0 2470 4046; ppageno 0'>
   <div class='ocr_carea' id='block_1_1' title="bbox 134 217 1044 474">
    <p class='ocr_par' dir='ltr' id='par_1_1' title="bbox 134 217 1044 474">
     <span class='ocr_line' id='line_1_1' title="bbox 581 217 618 293; baseline 0.027 -1"><span class='ocrx_word' id='word_1_1' title='bbox 581 217 618 293; x_wconf 80' lang='grc'>17</span> 
     </span>
     <span class='ocr_line' id='line_1_2' title="bbox 134 391 1044 474; baseline -0.002 -21"><span class='ocrx_word' id='word_1_2' title='bbox 134 393 194 474; x_wconf 85' lang='lat' dir='ltr'>ipsi</span> <span class='ocrx_word' id='word_1_3' title='bbox 220 394 290 455; x_wconf 92' lang='lat' dir='ltr'>deos</span> <span class='ocrx_word' id='word_1_4' title='bbox 320 395 433 456; x_wconf 79' lang='lat' dir='ltr'>Graeois</span> <span class='ocrx_word' id='word_1_5' title='bbox 460 394 576 455; x_wconf 78' lang='lat' dir='ltr'>dedisse</span> <span class='ocrx_word' id='word_1_6' title='bbox 604 393 757 453; x_wconf 80' lang='lat' dir='ltr'>Herodoto</span> <span class='ocrx_word' id='word_1_7' title='bbox 792 391 836 452; x_wconf 88' lang='lat' dir='ltr'>illi</span> <span class='ocrx_word' id='word_1_8' title='bbox 862 392 1044 453; x_wconf 87' lang='lat' dir='ltr'>viderentur.</span> 
     </span>
    </p>
   </div>
   <div class='ocr_carea' id='block_1_2' title="bbox 133 496 1044 684">
    <p class='ocr_par' dir='ltr' id='par_1_2' title="bbox 133 496 1044 684">
     <span class='ocr_line' id='line_1_3' title="bbox 136 496 1043 580; baseline -0.002 -22"><span class='ocrx_word' id='word_1_9' title='bbox 136 498 219 560; x_wconf 87' lang='lat' dir='ltr'>Hine</span> <span class='ocrx_word' id='word_1_10' title='bbox 233 519 316 560; x_wconf 82' lang='lat' dir='ltr'>suem</span> <span class='ocrx_word' id='word_1_11' title='bbox 329 500 435 580; x_wconf 88' lang='lat' dir='ltr'>ouique</span> <span class='ocrx_word' id='word_1_12' title='bbox 449 503 587 558; x_wconf 78' lang='lat' dir='ltr'>mutinam</span> <span class='ocrx_word' id='word_1_13' title='bbox 598 505 629 558; x_wconf 91' lang='lat' dir='ltr'>et</span> <span class='ocrx_word' id='word_1_14' title='bbox 640 497 819 576; x_wconf 79' lang='lat' dir='ltr'>dignitatem</span> <span class='ocrx_word' id='word_1_15' title='bbox 828 496 937 558; x_wconf 90' lang='lat' dir='ltr'>tribuit</span> <span class='ocrx_word' id='word_1_16' title='bbox 949 517 1043 576; x_wconf 90' lang='lat' dir='ltr'>popu·</span> 
     </span>
     <span class='ocr_line' id='line_1_4' title="bbox 133 601 1044 684; baseline -0.002 -21"><span class='ocrx_word' id='word_1_17' title='bbox 133 603 205 663; x_wconf 77' lang='lat' dir='ltr'>leris</span> <span class='ocrx_word' id='word_1_18' title='bbox 218 603 308 665; x_wconf 90' lang='lat' dir='ltr'>fides:</span> <span class='ocrx_word' id='word_1_19' title='bbox 329 603 399 665; x_wconf 88' lang='lat' dir='ltr'>hino</span> <span class='ocrx_word' id='word_1_20' title='bbox 420 603 534 684; x_wconf 85' lang='lat' dir='ltr'>speeies</span> <span class='ocrx_word' id='word_1_21' title='bbox 550 623 652 662; x_wconf 88' lang='lat' dir='ltr'>eorum</span> <span class='ocrx_word' id='word_1_22' title='bbox 673 607 704 662; x_wconf 91' lang='lat' dir='ltr'>et</span> <span class='ocrx_word' id='word_1_23' title='bbox 721 601 903 662; x_wconf 78' lang='lat' dir='ltr'>lineamento</span> <span class='ocrx_word' id='word_1_24' title='bbox 915 601 1044 661; x_wconf 78' lang='lat' dir='ltr'>artifices</span> 
     </span>
    </p>
   </div>
   <div class='ocr_carea' id='block_1_3' title="bbox 8 705 1040 796">
    <p class='ocr_par' dir='ltr' id='par_1_3' title="bbox 8 705 1040 796">
     <span class='ocr_line' id='line_1_5' title="bbox 8 705 1040 796; baseline -0.004 -28"><span class='ocrx_word' id='word_1_25' title='bbox 8 709 24 738; x_wconf 80' lang='lat'>&#39;&#39;</span> <span class='ocrx_word' id='word_1_26' title='bbox 132 707 296 788; x_wconf 81' lang='lat' dir='ltr'>fingebant.</span> <span class='ocrx_word' id='word_1_27' title='bbox 359 709 428 785; x_wconf 76' lang='lat' dir='ltr'>Quo</span> <span class='ocrx_word' id='word_1_28' title='bbox 451 709 526 768; x_wconf 86' lang='lat' dir='ltr'><strong>nihil</strong></span> <span class='ocrx_word' id='word_1_29' title='bbox 549 707 649 788; x_wconf 88' lang='lat' dir='ltr'>potuit</span> <span class='ocrx_word' id='word_1_30' title='bbox 671 705 728 766; x_wconf 86' lang='lat' dir='ltr'>erti</span> <span class='ocrx_word' id='word_1_31' title='bbox 752 706 847 786; x_wconf 81' lang='lat' dir='ltr'>magis</span> <span class='ocrx_word' id='word_1_32' title='bbox 873 705 1040 796; x_wconf 81' lang='lat' dir='ltr'>eonvenire.</span> 
     </span>
    </p>
   </div>
   <div class='ocr_carea' id='block_1_4' title="bbox 125 809 1043 3604">
    <p class='ocr_par' dir='ltr' id='par_1_4' title="bbox 125 809 1043 3604">
     <span class='ocr_line' id='line_1_6' title="bbox 134 809 1043 894; baseline -0.003 -22"><span class='ocrx_word' id='word_1_33' title='bbox 134 812 218 872; x_wconf 84' lang='lat' dir='ltr'>Hine</span> <span class='ocrx_word' id='word_1_34' title='bbox 235 813 365 874; x_wconf 89' lang='lat' dir='ltr'>nobilem</span> <span class='ocrx_word' id='word_1_35' title='bbox 385 813 466 874; x_wconf 78' lang='lat' dir='ltr'>illem</span> <span class='ocrx_word' id='word_1_36' title='bbox 485 812 569 873; x_wconf 84' lang='lat' dir='ltr'>Jovis</span> <span class='ocrx_word' id='word_1_37' title='bbox 590 813 755 894; x_wconf 81' lang='lat' dir='ltr'>Olympiaci</span> <span class='ocrx_word' id='word_1_38' title='bbox 775 811 903 892; x_wconf 85' lang='lat' dir='ltr'>speeiem</span> <span class='ocrx_word' id='word_1_39' title='bbox 922 809 1043 870; x_wconf 84' lang='lat' dir='ltr'>Phidius</span> 
     </span>
     <span class='ocr_line' id='line_1_7' title="bbox 134 914 1042 997; baseline -0.002 -21"><span class='ocrx_word' id='word_1_40' title='bbox 134 917 279 997; x_wconf 74' lang='lat' dir='ltr'>concepit,</span> <span class='ocrx_word' id='word_1_41' title='bbox 290 917 451 978; x_wconf 81' lang='lat' dir='ltr'>umbrosius</span> <span class='ocrx_word' id='word_1_42' title='bbox 465 938 562 978; x_wconf 83' lang='lat' dir='ltr'>comos</span> <span class='ocrx_word' id='word_1_43' title='bbox 576 923 660 978; x_wconf 91' lang='lat' dir='ltr'>metu</span> <span class='ocrx_word' id='word_1_44' title='bbox 670 915 849 997; x_wconf 79' lang='lat' dir='ltr'>quatientis3</span> <span class='ocrx_word' id='word_1_45' title='bbox 868 915 939 975; x_wconf 89' lang='lat' dir='ltr'>hino</span> <span class='ocrx_word' id='word_1_46' title='bbox 950 914 1042 994; x_wconf 88' lang='lat' dir='ltr'>Apol·</span> 
     </span>
     <span class='ocr_line' id='line_1_8' title="bbox 133 1019 1042 1102; baseline -0.003 -22"><span class='ocrx_word' id='word_1_47' title='bbox 133 1020 204 1080; x_wconf 85' lang='lat' dir='ltr'>linis</span> <span class='ocrx_word' id='word_1_48' title='bbox 226 1021 402 1096; x_wconf 77' lang='lat' dir='ltr'>Auerrunoi,</span> <span class='ocrx_word' id='word_1_49' title='bbox 415 1022 449 1081; x_wconf 92' lang='lat' dir='ltr'>in</span> <span class='ocrx_word' id='word_1_50' title='bbox 468 1022 592 1083; x_wconf 79' lang='lat' dir='ltr'>letiferee</span> <span class='ocrx_word' id='word_1_51' title='bbox 610 1023 721 1102; x_wconf 79' lang='lat' dir='ltr'>sagitte</span> <span class='ocrx_word' id='word_1_52' title='bbox 739 1021 897 1082; x_wconf 86' lang='lat' dir='ltr'>stridorem</span> <span class='ocrx_word' id='word_1_53' title='bbox 914 1019 1042 1100; x_wconf 77' lang='lat' dir='ltr'>intenti3</span> 
     </span>
     <span class='ocr_line' id='line_1_9' title="bbox 133 1126 1040 1210; baseline -0.006 -22"><span class='ocrx_word' id='word_1_54' title='bbox 133 1128 204 1189; x_wconf 92' lang='lat' dir='ltr'>hino</span> <span class='ocrx_word' id='word_1_55' title='bbox 225 1129 370 1190; x_wconf 81' lang='lat' dir='ltr'>Minervae</span> <span class='ocrx_word' id='word_1_56' title='bbox 389 1130 477 1210; x_wconf 85' lang='lat' dir='ltr'>peplo</span> <span class='ocrx_word' id='word_1_57' title='bbox 497 1130 626 1191; x_wconf 78' lang='lat' dir='ltr'>indute:</span> <span class='ocrx_word' id='word_1_58' title='bbox 647 1129 727 1202; x_wconf 88' lang='lat' dir='ltr'>Huo,</span> <span class='ocrx_word' id='word_1_59' title='bbox 748 1129 800 1208; x_wconf 89' lang='lat' dir='ltr'>qui</span> <span class='ocrx_word' id='word_1_60' title='bbox 818 1132 888 1207; x_wconf 88' lang='lat' dir='ltr'>post</span> <span class='ocrx_word' id='word_1_61' title='bbox 907 1126 1040 1199; x_wconf 88' lang='lat' dir='ltr'>fuerunt,</span> 
     </span>
     <span class='ocr_line' id='line_1_10' title="bbox 133 1231 1038 1314; baseline -0.004 -22"><span class='ocrx_word' id='word_1_62' title='bbox 133 1234 259 1293; x_wconf 81' lang='lat' dir='ltr'>artifices</span> <span class='ocrx_word' id='word_1_63' title='bbox 274 1255 390 1314; x_wconf 83' lang='lat' dir='ltr'>semper</span> <span class='ocrx_word' id='word_1_64' title='bbox 403 1235 572 1314; x_wconf 83' lang='lat' dir='ltr'>confugere,</span> <span class='ocrx_word' id='word_1_65' title='bbox 585 1233 666 1294; x_wconf 90' lang='lat' dir='ltr'>unde</span> <span class='ocrx_word' id='word_1_66' title='bbox 679 1253 728 1292; x_wconf 89' lang='lat' dir='ltr'>res</span> <span class='ocrx_word' id='word_1_67' title='bbox 742 1238 806 1292; x_wconf 84' lang='lat' dir='ltr'>arte</span> <span class='ocrx_word' id='word_1_68' title='bbox 821 1231 925 1310; x_wconf 82' lang='lat' dir='ltr'>dignos</span> <span class='ocrx_word' id='word_1_69' title='bbox 938 1235 1038 1289; x_wconf 88' lang='lat' dir='ltr'>mutu-</span> 
     </span>
     <span class='ocr_line' id='line_1_11' title="bbox 133 1333 1039 1418; baseline -0.006 -21"><span class='ocrx_word' id='word_1_70' title='bbox 133 1344 265 1398; x_wconf 77' lang='lat' dir='ltr'>arentur.</span> <span class='ocrx_word' id='word_1_71' title='bbox 307 1338 453 1418; x_wconf 81' lang='lat' dir='ltr'>Mejestes</span> <span class='ocrx_word' id='word_1_72' title='bbox 468 1359 522 1398; x_wconf 81' lang='lat' dir='ltr'>suo</span> <span class='ocrx_word' id='word_1_73' title='bbox 535 1337 641 1416; x_wconf 83' lang='lat' dir='ltr'>cuique</span> <span class='ocrx_word' id='word_1_74' title='bbox 655 1335 774 1416; x_wconf 71' lang='lat' dir='ltr'>proprie</span> <span class='ocrx_word' id='word_1_75' title='bbox 786 1335 861 1395; x_wconf 86' lang='lat' dir='ltr'>fuit:</span> <span class='ocrx_word' id='word_1_76' title='bbox 882 1333 957 1393; x_wconf 87' lang='lat' dir='ltr'><strong>nihil</strong></span> <span class='ocrx_word' id='word_1_77' title='bbox 971 1353 1039 1394; x_wconf 84' lang='lat' dir='ltr'>oon-</span> 
     </span>
     <span class='ocr_line' id='line_1_12' title="bbox 133 1437 1040 1519; baseline 0 -22"><span class='ocrx_word' id='word_1_78' title='bbox 133 1437 202 1509; x_wconf 84' lang='lat' dir='ltr'>susi‚</span> <span class='ocrx_word' id='word_1_79' title='bbox 215 1439 292 1499; x_wconf 83' lang='lat' dir='ltr'>nihil</span> <span class='ocrx_word' id='word_1_80' title='bbox 303 1441 432 1512; x_wconf 89' lang='lat' dir='ltr'>humilis,</span> <span class='ocrx_word' id='word_1_81' title='bbox 446 1441 522 1500; x_wconf 84' lang='lat' dir='ltr'>nihil</span> <span class='ocrx_word' id='word_1_82' title='bbox 537 1439 664 1500; x_wconf 87' lang='lat' dir='ltr'>obeouri.</span> <span class='ocrx_word' id='word_1_83' title='bbox 705 1439 833 1519; x_wconf 81' lang='lat' dir='ltr'>Egregia</span> <span class='ocrx_word' id='word_1_84' title='bbox 854 1458 925 1498; x_wconf 81' lang='lat' dir='ltr'>eene</span> <span class='ocrx_word' id='word_1_85' title='bbox 945 1443 1040 1497; x_wconf 83' lang='lat' dir='ltr'>stetu·</span> 
     </span>
     <span class='ocr_line' id='line_1_13' title="bbox 133 1541 1039 1624; baseline -0.002 -22"><span class='ocrx_word' id='word_1_86' title='bbox 133 1543 202 1604; x_wconf 83' lang='lat' dir='ltr'>eriae</span> <span class='ocrx_word' id='word_1_87' title='bbox 218 1543 365 1614; x_wconf 79' lang='lat' dir='ltr'>materies,</span> <span class='ocrx_word' id='word_1_88' title='bbox 379 1549 483 1624; x_wconf 82' lang='lat' dir='ltr'>purete</span> <span class='ocrx_word' id='word_1_89' title='bbox 497 1544 561 1623; x_wconf 82' lang='lat' dir='ltr'>jem</span> <span class='ocrx_word' id='word_1_90' title='bbox 581 1549 612 1604; x_wconf 88' lang='lat' dir='ltr'>et</span> <span class='ocrx_word' id='word_1_91' title='bbox 630 1563 699 1604; x_wconf 87' lang='lat' dir='ltr'>vero</span> <span class='ocrx_word' id='word_1_92' title='bbox 718 1543 825 1603; x_wconf 80' lang='lat' dir='ltr'>artifici</span> <span class='ocrx_word' id='word_1_93' title='bbox 842 1548 912 1601; x_wconf 81' lang='lat' dir='ltr'>ante</span> <span class='ocrx_word' id='word_1_94' title='bbox 928 1541 1039 1601; x_wconf 90' lang='lat' dir='ltr'>mentis</span> 
     </span>
     <span class='ocr_line' id='line_1_14' title="bbox 132 1645 1039 1728; baseline -0.004 -20"><span class='ocrx_word' id='word_1_95' title='bbox 132 1647 224 1708; x_wconf 82' lang='lat' dir='ltr'>eciem</span> <span class='ocrx_word' id='word_1_96' title='bbox 237 1649 335 1728; x_wconf 78' lang='lat' dir='ltr'>pedem</span> <span class='ocrx_word' id='word_1_97' title='bbox 348 1648 516 1728; x_wconf 84' lang='lat' dir='ltr'>preposite!</span> <span class='ocrx_word' id='word_1_98' title='bbox 558 1649 588 1707; x_wconf 91' lang='lat' dir='ltr'>N</span> <span class='ocrx_word' id='word_1_99' title='bbox 590 1668 624 1708; x_wconf 89' lang='lat' dir='ltr'>eo</span> <span class='ocrx_word' id='word_1_100' title='bbox 644 1649 699 1709; x_wconf 79' lang='lat' dir='ltr'>soli</span> <span class='ocrx_word' id='word_1_101' title='bbox 718 1647 869 1707; x_wconf 76' lang='lat' dir='ltr'>statuerim</span> <span class='ocrx_word' id='word_1_102' title='bbox 886 1645 1039 1705; x_wconf 76' lang='lat' dir='ltr'>materiem</span> 
     </span>
     <span class='ocr_line' id='line_1_15' title="bbox 130 1749 1041 1832; baseline -0.002 -20"><span class='ocrx_word' id='word_1_103' title='bbox 130 1751 179 1813; x_wconf 89' lang='lat' dir='ltr'>hio</span> <span class='ocrx_word' id='word_1_104' title='bbox 193 1753 328 1813; x_wconf 85' lang='lat' dir='ltr'>Deorum</span> <span class='ocrx_word' id='word_1_105' title='bbox 348 1773 489 1812; x_wconf 86' lang='lat' dir='ltr'>numerus</span> <span class='ocrx_word' id='word_1_106' title='bbox 509 1752 653 1832; x_wconf 87' lang='lat' dir='ltr'>praebuit:</span> <span class='ocrx_word' id='word_1_107' title='bbox 674 1751 744 1811; x_wconf 87' lang='lat' dir='ltr'>hino</span> <span class='ocrx_word' id='word_1_108' title='bbox 764 1750 844 1810; x_wconf 92' lang='lat' dir='ltr'>enim</span> <span class='ocrx_word' id='word_1_109' title='bbox 861 1749 969 1811; x_wconf 86' lang='lat' dir='ltr'>nobilis</span> <span class='ocrx_word' id='word_1_110' title='bbox 990 1749 1041 1810; x_wconf 82' lang='lat' dir='ltr'>illo</span> 
     </span>
     <span class='ocr_line' id='line_1_16' title="bbox 130 1853 1038 1937; baseline -0.003 -21"><span class='ocrx_word' id='word_1_111' title='bbox 130 1857 337 1931; x_wconf 75' lang='lat' dir='ltr'>architectura,</span> <span class='ocrx_word' id='word_1_112' title='bbox 351 1878 419 1937; x_wconf 86' lang='lat' dir='ltr'>quae</span> <span class='ocrx_word' id='word_1_113' title='bbox 436 1856 559 1917; x_wconf 85' lang='lat' dir='ltr'>delubro</span> <span class='ocrx_word' id='word_1_114' title='bbox 579 1855 636 1916; x_wconf 83' lang='lat' dir='ltr'>Dis</span> <span class='ocrx_word' id='word_1_115' title='bbox 654 1855 746 1935; x_wconf 85' lang='lat' dir='ltr'>digne</span> <span class='ocrx_word' id='word_1_116' title='bbox 763 1859 930 1915; x_wconf 71' lang='lat' dir='ltr'>exstrueret</span> <span class='ocrx_word' id='word_1_117' title='bbox 939 1877 947 1926; x_wconf 91' lang='lat'>;</span> <span class='ocrx_word' id='word_1_118' title='bbox 967 1853 1038 1914; x_wconf 88' lang='lat' dir='ltr'>hino</span> 
     </span>
     <span class='ocr_line' id='line_1_17' title="bbox 129 1958 1038 2042; baseline -0.001 -23"><span class='ocrx_word' id='word_1_119' title='bbox 129 1961 229 2038; x_wconf 84' lang='lat' dir='ltr'>poesis</span> <span class='ocrx_word' id='word_1_120' title='bbox 249 1965 281 2020; x_wconf 92' lang='lat' dir='ltr'>et</span> <span class='ocrx_word' id='word_1_121' title='bbox 301 1961 422 2031; x_wconf 79' lang='lat' dir='ltr'>musico,</span> <span class='ocrx_word' id='word_1_122' title='bbox 442 1966 478 2020; x_wconf 92' lang='lat' dir='ltr'>ut</span> <span class='ocrx_word' id='word_1_123' title='bbox 497 1959 616 2042; x_wconf 81' lang='lat' dir='ltr'>hymnis</span> <span class='ocrx_word' id='word_1_124' title='bbox 638 1960 681 2020; x_wconf 81' lang='lat' dir='ltr'>Di</span> <span class='ocrx_word' id='word_1_125' title='bbox 703 1959 940 2031; x_wconf 71' lang='lat' dir='ltr'>celebrarentrr3</span> <span class='ocrx_word' id='word_1_126' title='bbox 967 1958 1038 2018; x_wconf 85' lang='lat' dir='ltr'>hino</span> 
     </span>
     <span class='ocr_line' id='line_1_18' title="bbox 130 2061 1037 2144; baseline 0.001 -24"><span class='ocrx_word' id='word_1_127' title='bbox 130 2061 196 2121; x_wconf 85' lang='lat' dir='ltr'>ludi</span> <span class='ocrx_word' id='word_1_128' title='bbox 218 2068 250 2122; x_wconf 91' lang='lat' dir='ltr'>et</span> <span class='ocrx_word' id='word_1_129' title='bbox 273 2064 435 2132; x_wconf 82' lang='lat' dir='ltr'>eertomine</span> <span class='ocrx_word' id='word_1_130' title='bbox 454 2085 508 2144; x_wconf 89' lang='lat' dir='ltr'>per</span> <span class='ocrx_word' id='word_1_131' title='bbox 528 2065 621 2126; x_wconf 85' lang='lat' dir='ltr'>festos</span> <span class='ocrx_word' id='word_1_132' title='bbox 645 2067 779 2124; x_wconf 90' lang='lat' dir='ltr'>Deorum</span> <span class='ocrx_word' id='word_1_133' title='bbox 801 2063 872 2136; x_wconf 85' lang='lat' dir='ltr'>dies,</span> <span class='ocrx_word' id='word_1_134' title='bbox 894 2083 959 2142; x_wconf 84' lang='lat' dir='ltr'>quae</span> <span class='ocrx_word' id='word_1_135' title='bbox 982 2061 1037 2121; x_wconf 88' lang='lat' dir='ltr'>im·</span> 
     </span>
     <span class='ocr_line' id='line_1_19' title="bbox 131 2163 1036 2247; baseline 0 -23"><span class='ocrx_word' id='word_1_136' title='bbox 131 2163 236 2243; x_wconf 87' lang='lat' dir='ltr'>primis</span> <span class='ocrx_word' id='word_1_137' title='bbox 249 2166 420 2240; x_wconf 79' lang='lat' dir='ltr'>effecerunt,</span> <span class='ocrx_word' id='word_1_138' title='bbox 434 2173 470 2226; x_wconf 93' lang='lat' dir='ltr'>ut</span> <span class='ocrx_word' id='word_1_139' title='bbox 488 2173 551 2228; x_wconf 81' lang='lat' dir='ltr'>tem</span> <span class='ocrx_word' id='word_1_140' title='bbox 570 2169 701 2247; x_wconf 84' lang='lat' dir='ltr'>insignio</span> <span class='ocrx_word' id='word_1_141' title='bbox 718 2168 855 2227; x_wconf 80' lang='lat' dir='ltr'>humenae</span> <span class='ocrx_word' id='word_1_142' title='bbox 871 2165 974 2224; x_wconf 73' lang='lat' dir='ltr'>forme</span> <span class='ocrx_word' id='word_1_143' title='bbox 988 2185 1036 2224; x_wconf 85' lang='lat' dir='ltr'>ex·</span> 
     </span>
     <span class='ocr_line' id='line_1_20' title="bbox 131 2269 1037 2353; baseline -0.002 -23"><span class='ocrx_word' id='word_1_144' title='bbox 131 2269 229 2349; x_wconf 80' lang='lat' dir='ltr'>emple</span> <span class='ocrx_word' id='word_1_145' title='bbox 252 2290 345 2350; x_wconf 87' lang='lat' dir='ltr'>eoque</span> <span class='ocrx_word' id='word_1_146' title='bbox 367 2277 430 2331; x_wconf 82' lang='lat' dir='ltr'>tom</span> <span class='ocrx_word' id='word_1_147' title='bbox 450 2272 529 2333; x_wconf 81' lang='lat' dir='ltr'>varie</span> <span class='ocrx_word' id='word_1_148' title='bbox 553 2273 696 2353; x_wconf 86' lang='lat' dir='ltr'>disposite</span> <span class='ocrx_word' id='word_1_149' title='bbox 718 2271 824 2331; x_wconf 82' lang='lat' dir='ltr'>artifex</span> <span class='ocrx_word' id='word_1_150' title='bbox 845 2269 978 2339; x_wconf 76' lang='lat' dir='ltr'>heberet,</span> <span class='ocrx_word' id='word_1_151' title='bbox 999 2269 1037 2329; x_wconf 91' lang='lat' dir='ltr'>de</span> 
     </span>
     <span class='ocr_line' id='line_1_21' title="bbox 130 2373 1036 2458; baseline -0.001 -24"><span class='ocrx_word' id='word_1_152' title='bbox 130 2373 239 2452; x_wconf 88' lang='lat' dir='ltr'>quibus</span> <span class='ocrx_word' id='word_1_153' title='bbox 252 2374 392 2454; x_wconf 74' lang='lat' dir='ltr'>peffeotae</span> <span class='ocrx_word' id='word_1_154' title='bbox 409 2376 512 2438; x_wconf 83' lang='lat' dir='ltr'>formae</span> <span class='ocrx_word' id='word_1_155' title='bbox 529 2378 656 2458; x_wconf 83' lang='lat' dir='ltr'>speeiem</span> <span class='ocrx_word' id='word_1_156' title='bbox 677 2376 850 2437; x_wconf 74' lang='lat' dir='ltr'>elaboraret.</span> <span class='ocrx_word' id='word_1_157' title='bbox 891 2373 1036 2434; x_wconf 76' lang='lat' dir='ltr'>Romanis</span> 
     </span>
     <span class='ocr_line' id='line_1_22' title="bbox 129 2475 1035 2561; baseline 0.003 -25"><span class='ocrx_word' id='word_1_158' title='bbox 129 2475 218 2557; x_wconf 88' lang='lat' dir='ltr'>longe</span> <span class='ocrx_word' id='word_1_159' title='bbox 232 2477 290 2538; x_wconf 82' lang='lat' dir='ltr'>elis</span> <span class='ocrx_word' id='word_1_160' title='bbox 301 2478 361 2539; x_wconf 77' lang='lat' dir='ltr'>suit</span> <span class='ocrx_word' id='word_1_161' title='bbox 373 2480 493 2560; x_wconf 84' lang='lat' dir='ltr'>religio:</span> <span class='ocrx_word' id='word_1_162' title='bbox 515 2501 683 2561; x_wconf 79' lang='lat' dir='ltr'>quenquam</span> <span class='ocrx_word' id='word_1_163' title='bbox 696 2479 728 2539; x_wconf 93' lang='lat' dir='ltr'>hi</span> <span class='ocrx_word' id='word_1_164' title='bbox 741 2479 860 2560; x_wconf 86' lang='lat' dir='ltr'>quidem</span> <span class='ocrx_word' id='word_1_165' title='bbox 872 2483 941 2558; x_wconf 87' lang='lat' dir='ltr'>post</span> <span class='ocrx_word' id='word_1_166' title='bbox 955 2480 1035 2539; x_wconf 74' lang='lat' dir='ltr'>Gre-</span> 
     </span>
     <span class='ocr_line' id='line_1_23' title="bbox 129 2579 1034 2661; baseline 0.002 -21"><span class='ocrx_word' id='word_1_167' title='bbox 129 2599 193 2640; x_wconf 81' lang='lat' dir='ltr'>eum</span> <span class='ocrx_word' id='word_1_168' title='bbox 209 2579 360 2661; x_wconf 78' lang='lat' dir='ltr'>oo&#39;gnitem</span> <span class='ocrx_word' id='word_1_169' title='bbox 377 2585 480 2644; x_wconf 85' lang='lat' dir='ltr'>eedem</span> <span class='ocrx_word' id='word_1_170' title='bbox 499 2585 606 2645; x_wconf 83' lang='lat' dir='ltr'>sibiae</span> <span class='ocrx_word' id='word_1_171' title='bbox 621 2584 733 2645; x_wconf 79' lang='lat' dir='ltr'>Graeois</span> <span class='ocrx_word' id='word_1_172' title='bbox 750 2584 875 2642; x_wconf 80' lang='lat' dir='ltr'>numina</span> <span class='ocrx_word' id='word_1_173' title='bbox 888 2603 952 2643; x_wconf 90' lang='lat' dir='ltr'>esse</span> <span class='ocrx_word' id='word_1_174' title='bbox 966 2603 1034 2642; x_wconf 84' lang='lat' dir='ltr'>eon·</span> 
     </span>
     <span class='ocr_line' id='line_1_24' title="bbox 128 2685 1034 2763; baseline 0 -17"><span class='ocrx_word' id='word_1_175' title='bbox 128 2685 294 2762; x_wconf 77' lang='lat' dir='ltr'>firmabant,</span> <span class='ocrx_word' id='word_1_176' title='bbox 314 2694 346 2747; x_wconf 90' lang='lat' dir='ltr'>et</span> <span class='ocrx_word' id='word_1_177' title='bbox 366 2689 473 2750; x_wconf 84' lang='lat' dir='ltr'>Jovem</span> <span class='ocrx_word' id='word_1_178' title='bbox 493 2709 580 2748; x_wconf 86' lang='lat' dir='ltr'>snum</span> <span class='ocrx_word' id='word_1_179' title='bbox 601 2694 651 2748; x_wconf 80' lang='grc' dir='ltr'>Δία</span> <span class='ocrx_word' id='word_1_180' title='bbox 677 2708 750 2760; x_wconf 86' lang='lat' dir='ltr'>esse,</span> <span class='ocrx_word' id='word_1_181' title='bbox 772 2688 924 2748; x_wconf 88' lang='lat' dir='ltr'>Junonem</span> <span class='ocrx_word' id='word_1_182' title='bbox 939 2691 1034 2763; x_wconf 78' lang='grc' dir='ltr'><strong><em>Ἥρην,</em></strong></span> 
     </span>
     <span class='ocr_line' id='line_1_25' title="bbox 131 2789 1033 2872; baseline 0.002 -23"><span class='ocrx_word' id='word_1_183' title='bbox 131 2789 269 2850; x_wconf 76' lang='lat' dir='ltr'>Cererem</span> <span class='ocrx_word' id='word_1_184' title='bbox 296 2800 427 2871; x_wconf 79' lang='grc' dir='ltr'>Δημητρά,</span> <span class='ocrx_word' id='word_1_185' title='bbox 456 2793 634 2872; x_wconf 88' lang='lat' dir='ltr'>Neptunum</span> <span class='ocrx_word' id='word_1_186' title='bbox 662 2799 823 2866; x_wconf 80' lang='grc' dir='ltr'>Ποσειδῶνα,</span> <span class='ocrx_word' id='word_1_187' title='bbox 847 2799 879 2852; x_wconf 91' lang='lat' dir='ltr'>et</span> <span class='ocrx_word' id='word_1_188' title='bbox 904 2793 1033 2872; x_wconf 90' lang='lat' dir='ltr'>reliquos</span> 
     </span>
     <span class='ocr_line' id='line_1_26' title="bbox 129 2893 1032 2976; baseline 0.002 -21"><span class='ocrx_word' id='word_1_189' title='bbox 129 2893 232 2955; x_wconf 84' lang='lat' dir='ltr'>eodem</span> <span class='ocrx_word' id='word_1_190' title='bbox 258 2897 354 2956; x_wconf 91' lang='lat' dir='ltr'>modo.</span> <span class='ocrx_word' id='word_1_191' title='bbox 397 2897 654 2972; x_wconf 73' lang='lat' dir='ltr'>Quemadmodum</span> <span class='ocrx_word' id='word_1_192' title='bbox 680 2917 797 2976; x_wconf 91' lang='lat' dir='ltr'>quoque</span> <span class='ocrx_word' id='word_1_193' title='bbox 825 2897 905 2976; x_wconf 80' lang='lat' dir='ltr'>opud</span> <span class='ocrx_word' id='word_1_194' title='bbox 931 2896 1032 2959; x_wconf 82' lang='lat' dir='ltr'>Gallos</span> 
     </span>
     <span class='ocr_line' id='line_1_27' title="bbox 129 2997 1032 3082; baseline 0.008 -26"><span class='ocrx_word' id='word_1_195' title='bbox 129 2997 258 3078; x_wconf 90' lang='lat' dir='ltr'>quinque</span> <span class='ocrx_word' id='word_1_196' title='bbox 278 3000 481 3060; x_wconf 79' lang='lat' dir='ltr'>Romanorum</span> <span class='ocrx_word' id='word_1_197' title='bbox 502 3003 634 3061; x_wconf 90' lang='lat' dir='ltr'>Deorum</span> <span class='ocrx_word' id='word_1_198' title='bbox 651 3001 800 3082; x_wconf 85' lang='lat' dir='ltr'>jamtum</span> <span class='ocrx_word' id='word_1_199' title='bbox 822 3001 918 3062; x_wconf 84' lang='lat' dir='ltr'>oultos</span> <span class='ocrx_word' id='word_1_200' title='bbox 939 3001 1032 3063; x_wconf 86' lang='lat' dir='ltr'>fuisse</span> 
     </span>
     <span class='ocr_line' id='line_1_28' title="bbox 130 3101 1031 3186; baseline 0.007 -25"><span class='ocrx_word' id='word_1_201' title='bbox 130 3101 227 3162; x_wconf 80' lang='lat' dir='ltr'>Oreser</span> <span class='ocrx_word' id='word_1_202' title='bbox 240 3104 385 3184; x_wconf 86' lang='lat' dir='ltr'>seriptum</span> <span class='ocrx_word' id='word_1_203' title='bbox 404 3103 542 3178; x_wconf 76' lang='lat' dir='ltr'>tradidit3</span> <span class='ocrx_word' id='word_1_204' title='bbox 563 3113 594 3165; x_wconf 88' lang='lat' dir='ltr'>et</span> <span class='ocrx_word' id='word_1_205' title='bbox 613 3105 672 3186; x_wconf 85' lang='lat' dir='ltr'>ipsi</span> <span class='ocrx_word' id='word_1_206' title='bbox 687 3105 784 3166; x_wconf 78' lang='lat' dir='ltr'>Graeoi</span> <span class='ocrx_word' id='word_1_207' title='bbox 805 3127 859 3166; x_wconf 86' lang='lat' dir='ltr'>suo</span> <span class='ocrx_word' id='word_1_208' title='bbox 871 3107 1031 3186; x_wconf 82' lang='lat' dir='ltr'>eo&#39;AEgyp·</span> 
     </span>
     <span class='ocr_line' id='line_1_29' title="bbox 126 3205 1031 3286; baseline 0.009 -21"><span class='ocrx_word' id='word_1_209' title='bbox 126 3205 236 3266; x_wconf 89' lang='lat' dir='ltr'>tiorum</span> <span class='ocrx_word' id='word_1_210' title='bbox 248 3208 373 3267; x_wconf 83' lang='lat' dir='ltr'>numine</span> <span class='ocrx_word' id='word_1_211' title='bbox 385 3207 489 3268; x_wconf 81' lang='lat' dir='ltr'>eedem</span> <span class='ocrx_word' id='word_1_212' title='bbox 497 3209 589 3269; x_wconf 81' lang='lat' dir='ltr'>fuisse</span> <span class='ocrx_word' id='word_1_213' title='bbox 599 3209 797 3271; x_wconf 77' lang='lat' dir='ltr'>vindicabant.</span> <span class='ocrx_word' id='word_1_214' title='bbox 827 3210 916 3286; x_wconf 79' lang='lat' dir='ltr'>Quod</span> <span class='ocrx_word' id='word_1_215' title='bbox 928 3217 1031 3273; x_wconf 81' lang='lat' dir='ltr'>tumen</span> 
     </span>
     <span class='ocr_line' id='line_1_30' title="bbox 126 3311 1029 3397; baseline 0.008 -27"><span class='ocrx_word' id='word_1_216' title='bbox 126 3330 187 3370; x_wconf 93' lang='lat' dir='ltr'>non</span> <span class='ocrx_word' id='word_1_217' title='bbox 200 3311 244 3370; x_wconf 83' lang='lat' dir='ltr'>ito</span> <span class='ocrx_word' id='word_1_218' title='bbox 256 3331 288 3372; x_wconf 88' lang='lat' dir='ltr'>se</span> <span class='ocrx_word' id='word_1_219' title='bbox 302 3311 423 3372; x_wconf 83' lang='lat' dir='ltr'>hebuit:</span> <span class='ocrx_word' id='word_1_220' title='bbox 444 3313 576 3392; x_wconf 83' lang='lat' dir='ltr'>quemvis</span> <span class='ocrx_word' id='word_1_221' title='bbox 590 3315 678 3389; x_wconf 88' lang='lat' dir='ltr'>enim,</span> <span class='ocrx_word' id='word_1_222' title='bbox 689 3315 828 3394; x_wconf 84' lang='lat' dir='ltr'>quonium</span> <span class='ocrx_word' id='word_1_223' title='bbox 841 3315 950 3376; x_wconf 85' lang='lat' dir='ltr'>eaedem</span> <span class='ocrx_word' id='word_1_224' title='bbox 963 3338 1029 3397; x_wconf 83' lang='lat' dir='ltr'>pas·</span> 
     </span>
     <span class='ocr_line' id='line_1_31' title="bbox 126 3413 1028 3500; baseline 0.01 -27"><span class='ocrx_word' id='word_1_225' title='bbox 126 3413 181 3474; x_wconf 84' lang='lat' dir='ltr'>sim</span> <span class='ocrx_word' id='word_1_226' title='bbox 201 3435 301 3474; x_wconf 89' lang='lat' dir='ltr'>rerum</span> <span class='ocrx_word' id='word_1_227' title='bbox 318 3415 400 3495; x_wconf 86' lang='lat' dir='ltr'>leges</span> <span class='ocrx_word' id='word_1_228' title='bbox 416 3416 565 3488; x_wconf 86' lang='lat' dir='ltr'>obtinent,</span> <span class='ocrx_word' id='word_1_229' title='bbox 580 3418 689 3479; x_wconf 88' lang='lat' dir='ltr'>similes</span> <span class='ocrx_word' id='word_1_230' title='bbox 704 3419 790 3478; x_wconf 87' lang='lat' dir='ltr'>Deos·</span> <span class='ocrx_word' id='word_1_231' title='bbox 801 3419 955 3500; x_wconf 89' lang='lat' dir='ltr'>idpropter</span> <span class='ocrx_word' id='word_1_232' title='bbox 968 3443 1028 3482; x_wconf 92' lang='lat' dir='ltr'>om·</span> 
     </span>
     <span class='ocr_line' id='line_1_32' title="bbox 125 3520 1027 3604; baseline 0.008 -25"><span class='ocrx_word' id='word_1_233' title='bbox 125 3539 178 3580; x_wconf 87' lang='lat' dir='ltr'>nee</span> <span class='ocrx_word' id='word_1_234' title='bbox 198 3525 304 3600; x_wconf 84' lang='lat' dir='ltr'>gentes</span> <span class='ocrx_word' id='word_1_235' title='bbox 325 3520 489 3601; x_wconf 80' lang='lat' dir='ltr'>opineturae</span> <span class='ocrx_word' id='word_1_236' title='bbox 510 3533 618 3594; x_wconf 85' lang='lat' dir='ltr'>essent,</span> <span class='ocrx_word' id='word_1_237' title='bbox 633 3529 665 3582; x_wconf 82' lang='lat' dir='ltr'>ot</span> <span class='ocrx_word' id='word_1_238' title='bbox 683 3543 740 3584; x_wconf 90' lang='lat' dir='ltr'>neo</span> <span class='ocrx_word' id='word_1_239' title='bbox 760 3523 893 3604; x_wconf 81' lang='lat' dir='ltr'>ejusdem</span> <span class='ocrx_word' id='word_1_240' title='bbox 911 3531 1027 3588; x_wconf 74' lang='lat' dir='ltr'>nature</span> 
     </span>
    </p>
   </div>
   <div class='ocr_carea' id='block_1_5' title="bbox 0 0 1240 4046">
    <p class='ocr_par' dir='ltr' id='par_1_5' title="bbox 0 0 1240 4046">
     <span class='ocr_line' id='line_1_33' title="bbox 0 0 1240 4046; baseline 0 2"><span class='ocrx_word' id='word_1_241' title='bbox 0 0 1240 4046; x_wconf 95' lang='lat' dir='ltr'> </span> 
     </span>
    </p>
   </div>
  </div>
 </body>
</html>
