2470 4046
565 237 603 300 27

131 406 266 486 Gorgian
283 404 441 475 habemus3
461 423 516 462 nec
536 401 737 476 dubitandum,
756 401 828 481 quin
845 399 1034 480 peregrinan-

132 515 209 572 tium
222 509 388 589 frequentia
402 514 432 567 et
446 507 568 566 multum
587 507 656 566 novi
670 507 796 577 afferret,
811 511 842 564 et
856 505 961 564 civium
975 510 1035 562 stu-

133 617 184 678 dia
209 613 394 674 aemulatione
420 611 569 671 incitaret.
612 611 736 669 Romani
763 614 874 681 contra,
899 607 1036 688 quamdiu

132 717 300 797 respublica
315 714 381 788 fuit,
396 714 581 793 agriculturae
600 719 631 774 et
649 713 760 773 militiae
779 713 848 772 solis
868 713 1036 785 studebant,

133 841 200 894 nec,
216 829 248 878 ut
261 819 304 878 ait
317 823 414 898 poeta,
429 818 461 876 in
479 817 538 876 ulla
556 817 613 876 alia
631 817 750 876 civitate
768 817 881 876 tamdiu
899 817 1036 878 manebat

134 923 213 982 ruris
237 922 347 981 bonos:
382 921 526 981 urbanum
549 921 655 999 vulgus
679 920 799 980 nonnisi
821 919 907 980 faeces
931 919 1036 980 civium

135 1034 239 1088 erant:
264 1027 440 1106 elegantiam
462 1026 562 1084 luxum
585 1026 781 1106 appellabant,
802 1031 833 1086 et
856 1026 967 1086 mulcta
985 1047 1037 1085 no-

135 1130 257 1189 tandam
278 1129 447 1189 censebant.
490 1129 576 1204 Quod
597 1131 623 1189 si
643 1133 772 1205 Romam,
787 1131 881 1211 qualis
900 1131 1037 1210 Augusto

135 1236 301 1315 imperante
314 1233 379 1307 suit,
390 1233 573 1305 intueamur;
594 1234 692 1313 posita
705 1235 818 1302 militia,
832 1255 894 1295 non
907 1235 945 1295 ad
958 1241 1038 1295 artes

135 1339 272 1398 liberales
287 1339 339 1398 sed
352 1338 389 1397 ad
402 1338 500 1415 legum
514 1343 545 1396 et
557 1337 633 1418 juris
652 1339 744 1398 civilis
758 1339 910 1399 scientiam
925 1361 956 1400 se
970 1361 1038 1400 con·

137 1443 273 1503 ferebant
290 1437 451 1503 elatissima
463 1463 586 1523 quaeque
603 1443 741 1522 ingenia3
762 1444 812 1523 qui
827 1444 957 1504 Athenis
974 1445 1038 1524 phi·

138 1548 322 1628 losophatum
348 1547 484 1618 fuissent,
512 1549 611 1607 Romae
634 1548 710 1627 juris
733 1549 823 1628 periti
845 1555 946 1622 erant3
981 1548 1038 1608 elo-

139 1652 289 1732 quentiam
321 1651 466 1726 colebant,
489 1652 665 1732 judiciorum
696 1653 857 1712 certamina
882 1653 1039 1726 amabant3

138 1759 215 1817 seria
235 1757 314 1816 enim
334 1761 365 1816 et
386 1777 456 1815 usus
477 1756 566 1815 etiam
585 1761 650 1814 tum
669 1755 707 1815 iis
728 1756 809 1816 cordi
824 1757 890 1816 fuit.
934 1757 1040 1836 Neque

137 1882 207 1922 vero
228 1881 294 1921 cum
314 1860 401 1920 armis
421 1859 533 1919 feroces
554 1859 666 1919 animos
687 1865 844 1920 exuerant:
870 1881 923 1940 pro
945 1860 1040 1920 oblec-

139 1966 280 2025 tamentis
293 1964 442 2024 habebant
456 1964 650 2042 gladiatorum
662 1964 765 2038 caedes,
775 1964 902 2023 ferarum
916 1983 1040 2044 pugnas,

141 2069 262 2128 vulnera
275 2075 306 2128 et
319 2089 460 2129 cruorem.
485 2073 556 2139 Aut,
569 2069 593 2127 si
608 2069 724 2146 quando
738 2069 771 2127 in
783 2069 933 2127 theatrum
947 2069 1040 2144 ibant,

141 2194 198 2253 quo
212 2172 307 2232 animo
321 2174 351 2233 id
364 2173 505 2246 facerent,
519 2173 665 2232 Horatius
678 2173 721 2232 ita
735 2173 893 2252 quamtum,

205 2307 220 2331 “
234 2305 259 2352 si
271 2305 390 2352 discordet
402 2320 475 2366 eques
487 2305 566 2351 media
577 2304 639 2352 inter
651 2304 759 2350 carmina
770 2310 874 2365 poscunt

232 2387 285 2434 Aut
296 2401 380 2433 ursum
393 2393 435 2433 aut
446 2385 554 2448 pugiles;
573 2385 610 2432 his
621 2399 678 2432 nam
690 2384 816 2446 plebecula
828 2385 943 2448 gaudet¹¹

140 2555 195 2594 nec
210 2533 273 2594 sola
286 2531 371 2610 plebs
385 2531 424 2604 id,

206 2665 221 2688 ‘⁴
233 2661 326 2708 Verum
339 2659 428 2722 equitis
440 2673 536 2722 quoque
545 2659 598 2720 jam
610 2657 725 2720 migravit
737 2657 767 2704 ab
780 2672 837 2705 aure
850 2658 963 2722 voluptas

239 2743 328 2789 Omnis
340 2741 370 2789 ad
382 2742 486 2788 incertos
498 2740 588 2797 oculos,
602 2749 626 2787 et
637 2740 727 2802 gaudia
739 2756 807 2788 vana

241 2823 364 2872 Quattuor
375 2829 417 2870 aut
427 2822 509 2884 plures
520 2821 600 2868 aulaea
611 2830 756 2884 premuntur
767 2822 790 2868 iu
803 2821 882 2878 borae,

242 2905 309 2951 Dum
321 2905 418 2966 lugiunt
430 2905 540 2966 equitum
552 2913 649 2960 turma,
660 2903 820 2965 peditumque
832 2909 947 2958 catervae;

242 2985 302 3032 Mox
314 2986 417 3032 trahitur
428 2985 539 3032 manibus
550 3001 635 3047 regum
647 2985 745 3032 fortuna
757 2984 859 3040 retortis,

241 3064 336 3112 Esseda
347 3065 468 3122 festinant,
480 3066 578 3128 pilenta,
589 3066 712 3128 petorrita,
723 3081 804 3123 naves,

242 3146 373 3209 Captivum
385 3156 494 3209 portatur
505 3149 571 3204 ebur,
584 3147 680 3210 captiva
692 3147 853 3197 Corinthus.”

144 3285 314 3362 Quinetiam
328 3304 393 3344 cum
406 3284 506 3344 liberis
525 3290 556 3344 et
574 3285 749 3366 conjugibus
764 3285 954 3364 spectabant:
976 3306 1041 3346 cum

142 3397 252 3472 quanta
266 3388 415 3450 muliebris
429 3389 519 3448 animi
532 3389 729 3469 corruptione,
740 3389 812 3448 satis
826 3390 941 3448 notavit
952 3391 972 3450 J
974 3411 1041 3450 uve-

485 3527 497 3552 ο
515 3521 561 3584 ap.
574 3521 598 3568 a.
613 3521 633 3568 1.
646 3521 699 3568 190.
