2470 4046
566 211 606 270 19

127 371 263 436 studium
283 371 373 435 urbes
396 393 479 454 seque
500 394 534 436 nc
557 373 691 454 singulos
713 373 847 434 homines
868 372 901 433 in
923 373 1039 434 emmo

126 476 242 538 tionem
265 477 449 538 accendere?
479 478 556 538 nihil
579 478 706 560 denique
730 499 820 559 opere
845 483 936 558 atque
961 483 1040 538 artes

126 587 216 642 tunto
238 582 371 644 omnium
396 584 510 644 honore
536 584 687 646 cumulnts
712 581 848 644 intueri?
893 581 1040 661 Equidem

126 707 199 748 vero
211 687 389 748 confirmare
400 687 507 756 einim,
520 687 597 748 nihil
609 688 672 748 fere
686 687 768 748 uliud
780 691 938 766 tantopere
955 686 1040 746 Gre-

127 811 178 854 cas
191 797 271 852 uites
285 792 411 865 auxisse,
425 798 538 872 quanto
551 819 706 870 παηγνρειε
719 791 786 866 iuae,
797 811 870 871 quus
883 791 1038 865 vocabunt,

126 915 192 956 non
220 895 399 976 Olympiscae
427 896 504 970 sole,
532 895 586 956 sed
612 915 736 976 quorum
768 895 934 974 exemplum
967 894 1039 955 licet

129 998 332 1079 Olympiacam
351 999 493 1080 proferre.
533 1001 639 1060 Artem
660 1000 748 1072 enim,
763 1006 799 1060 ut
813 999 1039 1080 supradictum,

128 1103 241 1183 passim
260 1103 365 1182 religio
378 1108 410 1164 et
423 1103 534 1164 creavit
547 1109 580 1164 et
595 1103 628 1164 in
642 1104 689 1164 sui
703 1104 929 1164 similitudinem
941 1103 1038 1164 linxit.

132 1208 239 1274 Greci
254 1228 325 1268 vero
346 1207 460 1287 religio,
474 1229 540 1288 quse
554 1213 587 1268 et
604 1207 749 1288 plurimos
763 1207 845 1268 Deos
858 1207 993 1281 credidit,
1008 1214 1040 1268 et

129 1312 359 1392 pulcherrimam
378 1312 484 1392 poesin
497 1318 601 1372 secute
614 1319 697 1372 certo
712 1332 769 1374 sus
785 1331 929 1392 quemque
943 1312 1041 1392 specie

131 1417 278 1495 concepit,
290 1437 345 1478 nec
358 1417 444 1478 cultu
453 1417 535 1478 tristi
547 1422 601 1478 eut
615 1423 740 1477 cruento
753 1437 809 1476 uss
820 1423 877 1490 est,
889 1415 942 1476 sed
954 1417 1040 1491 sedes,

131 1520 267 1599 hymnos,
279 1519 375 1594 ludos,
389 1521 568 1582 simulachra
579 1541 634 1600 pro
652 1520 730 1580 virili
747 1521 947 1600 pulcherrime
966 1541 1040 1601 prm·

132 1623 220 1704 oepit,
243 1625 341 1712 effecit
368 1631 404 1685 ut
431 1625 568 1686 omnibus
595 1625 726 1686 omnium
749 1631 868 1686 etatem
889 1625 1040 1704 specimen

133 1727 239 1790 emm
258 1750 305 1790 urs
325 1736 513 1809 permanent:
534 1729 676 1802 Romane,
691 1749 764 1808 qun,
783 1729 900 1789 etiamsi
918 1729 1040 1790 nomine

130 1833 213 1896 haud
232 1833 384 1912 pauciores
407 1833 519 1896 Grecis
540 1832 611 1894 deos
631 1833 750 1906 coleret,
772 1833 847 1892 nihil
866 1841 982 1896 certum
1003 1834 1040 1894 de

133 1935 260 2015 singolis
273 1937 407 2012 credidit,
421 1938 474 2000 sed
486 1938 520 1998 in
534 1937 609 1998 urbe
627 1943 693 1997 toto
713 1938 931 2012 continebatur,
945 1944 1039 2000 ortem

134 2040 284 2118 proprium
297 2041 410 2102 nullam
429 2043 543 2121 genuit,
556 2062 613 2102 nec
631 2063 705 2121 quus
725 2042 763 2107 de
778 2043 891 2104 Grecis
904 2048 1041 2104 mutuato

135 2147 183 2202 est
195 2147 250 2202 aut
263 2143 347 2202 suxit
357 2149 411 2204 sut
422 2145 554 2226 integras
568 2146 704 2226 seruerit.
742 2146 803 2212 Sed
813 2167 875 2206 non
888 2152 989 2206 temen
1002 2147 1041 2208 od

133 2246 308 2325 religionem
328 2252 381 2308 sut
403 2250 516 2328 poesin,
537 2250 621 2330 qussi
644 2250 757 2310 ultimae
777 2249 834 2309 ille
855 2269 950 2310 enusae
974 2251 1039 2331 ejus

134 2357 246 2422 essent,
259 2371 396 2414 revocare
409 2353 543 2414 Graecam
556 2359 649 2414 artem
663 2359 798 2436 oportet:
818 2354 931 2414 rectius
944 2354 975 2428 ii,
989 2355 1041 2434 qui

133 2455 197 2516 hec
219 2455 287 2530 trie,
307 2456 490 2537 religionem,
513 2459 628 2538 poesin,
650 2465 755 2532 nutem,
777 2459 897 2519 nonnisi
920 2479 957 2520 ex
979 2479 1041 2522 uns

135 2559 295 2640 eademque
317 2580 406 2622 oense
431 2561 597 2642 complures
617 2562 735 2624 nucum
758 2583 824 2624 esse
845 2563 950 2624 velint.
991 2564 1040 2624 De

136 2684 194 2744 quo
207 2664 287 2726 infru
299 2665 465 2726 dicendum.

176 2769 209 2828 N
210 2789 270 2830 uno
283 2769 321 2830 ed
339 2770 500 2830 secundnm
512 2771 594 2832 illum
612 2763 822 2834 institutorum
835 2776 960 2851 portem,
974 2791 1040 2850 qum

138 2874 267 2936 civilium
277 2881 333 2951 est,
343 2876 602 2956 progrediendum.
628 2877 697 2954 Quo
709 2878 742 2938 in
755 2879 821 2938 loco
835 2877 861 2938 si
873 2878 924 2955 (ut
936 2876 1040 2944 isdem,

139 2979 248 3058 quibus
263 2986 363 3054 antee,
377 2981 522 3060 exemplis
534 2982 669 3058 utemur)
685 2982 723 3043 sd
740 2981 958 3043 vetustissimas
976 2980 1042 3042 illus

138 3082 234 3144 ludim
246 3090 278 3144 et
291 3085 419 3165 AEgypti
433 3091 539 3164 gentes
553 3085 831 3162 animadvertemus,
842 3106 936 3166 penes
947 3105 1041 3146 sacer·

138 3183 224 3244 dotes
246 3184 281 3244 in
302 3186 363 3246 illis
383 3187 479 3246 omnis
498 3193 632 3268 potestas
652 3209 718 3250 esse
737 3189 897 3262 videbitur,
918 3188 1041 3268 reliquis

138 3309 194 3350 nec
214 3289 347 3350 scientim
366 3290 486 3350 neerei
508 3291 602 3352 civilis
625 3292 686 3352 ulls
712 3298 798 3372 perte
817 3293 979 3376 permisso:
1008 3292 1042 3352 in

139 3394 258 3456 ordines
283 3414 339 3474 pro
365 3394 494 3473 negotiis
520 3397 649 3477 populus
673 3397 801 3472 divisus3
831 3417 888 3458 nec
914 3398 1041 3478 putrinm

139 3503 236 3560 ntem
252 3519 307 3578 pro
325 3498 446 3579 ingenio
464 3505 590 3577 mutare,
608 3505 662 3562 out
680 3521 717 3562 ex
734 3501 839 3564 ordine
856 3501 889 3562 in
907 3501 1041 3564 ordinem
