2470 4046
627 243 667 302 10

190 419 275 480 tibus
301 420 381 480 haud
405 421 466 482 scio
490 440 529 481 an
552 441 614 482 non
640 421 802 502 plurimum
826 419 964 483 debeant.
1007 421 1103 501 Signa

191 528 293 584 autem
312 523 475 600 hominurn,
495 546 558 585 non
577 526 718 600 locorum,
741 531 821 585 sunt.
864 525 964 601 Quare
987 526 1103 593 rectius

190 629 220 703 ii,
236 631 287 709 qui
301 631 454 710 signorum
473 631 646 692 Graecorum
666 630 869 710 praestantiam
888 630 1104 709 prestantibus

191 736 326 816 ipsorum
339 737 493 797 hominum
507 735 609 796 formis
622 731 779 796 tribuunt:
800 735 930 794 multum
944 735 1023 793 enim
1033 754 1103 814 pro-

192 827 272 900 sunt
292 841 468 901 excellentia
494 840 636 919 exempla.
680 837 777 916 Atqui
805 838 919 898 Phidiae
946 838 1027 898 illius
1054 839 1104 898 vel

193 945 339 1026 Polycleti
363 945 449 1024 signa
468 945 609 1026 majorem
628 943 780 1004 habebant
804 942 990 1022 dignitatem,
1011 963 1102 1023 quam

193 1069 258 1129 quaa
272 1049 305 1108 in
317 1069 379 1109 uno
393 1049 454 1109 ullo
467 1049 587 1108 homins
600 1049 663 1108 visa
676 1053 741 1108 est:
763 1048 842 1127 quod
855 1047 1022 1108 imitatione
1036 1049 1104 1108 fieri

194 1154 315 1213 omnino
333 1171 395 1214 non
413 1153 523 1234 potuit.
566 1153 666 1228 Quare
679 1171 719 1212 ne
732 1151 795 1211 haec
809 1152 929 1231 quidem
942 1171 1012 1212 vera
1026 1153 1101 1232 ejus,

193 1257 302 1337 dequo
322 1257 488 1337 quaerimus,
502 1277 591 1316 causa
610 1262 657 1315 est
673 1255 817 1316 habenda.
858 1259 1007 1317 Praeterea
1025 1256 1050 1316 si
1063 1257 1102 1316 de

195 1362 332 1422 universo
346 1381 455 1441 genere
470 1367 648 1441 spectamus,
658 1381 763 1440 parum
775 1368 892 1421 constat
903 1367 982 1422 artes
997 1381 1101 1422 secun-

195 1466 266 1526 dum
287 1466 354 1526 coeli
373 1471 511 1526 naturam
531 1466 588 1525 alia
608 1465 680 1525 alias
700 1464 822 1526 fortuna
840 1467 976 1526 evasisse.
1019 1465 1102 1542 Quid
1165 1513 1170 1522 .

194 1569 300 1629 enim?
327 1569 557 1630 architecturam
572 1569 605 1628 in
623 1569 734 1628 artium
752 1590 911 1630 numerum
930 1572 1099 1652 accipimus.

195 1675 283 1734 Hanc
302 1679 402 1734 autem
421 1673 584 1754 perfectam
602 1673 793 1734 absolverunt
810 1696 873 1736 non
886 1675 1015 1736 Athenae
1034 1676 1101 1737 istac

195 1777 257 1838 sole
270 1779 451 1852 renidentes,
459 1799 563 1838 verum
577 1780 811 1859 septentrionali
820 1780 931 1860 frigore
943 1783 1100 1842 horrentes

196 1883 365 1944 Germaniae
386 1883 549 1964 Galliaque
570 1883 654 1945 fines.
698 1885 772 1961 Quae
792 1886 885 1946 sicui
904 1892 1013 1946 natura
1032 1887 1101 1967 plus

193 1987 316 2068 reliquis
330 1988 367 2047 ad
380 1987 535 2066 frigidiora
547 1988 611 2048 loca
630 1989 780 2068 pertinere
797 1990 956 2065 videbitur,
971 1991 1043 2071 quid
1063 1991 1100 2051 de

194 2091 307 2151 musica
320 2090 370 2150 isi’
391 2091 510 2171 quidde
523 2092 630 2171 poesi?
665 2093 800 2169 Quarum
813 2094 864 2154 illa
876 2095 994 2175 quidem
1006 2094 1100 2174 qualis

195 2195 276 2275 apud
298 2196 422 2256 Graecos
445 2202 584 2271 exstmet,
605 2217 711 2277 parum
726 2198 789 2278 jam
813 2205 947 2259 constat:
976 2197 1101 2279 quodsi

194 2306 248 2361 aut
267 2301 407 2381 reliquias
427 2301 500 2382 ejus,
522 2321 647 2381 quarum
666 2302 699 2361 in
718 2303 856 2362 manibus
874 2304 936 2383 jam
957 2323 1048 2362 unam
1068 2309 1100 2362 et

194 2406 319 2466 alteram
342 2399 572 2479 habemus‚'aut
594 2405 736 2464 traditam
758 2405 795 2464 dc
822 2424 857 2464 ea
880 2425 898 2465 a
921 2404 1099 2484 gravissimis

195 2509 375 2578 auctoribus,
396 2507 529 2582 Euclide,
552 2507 722 2577 Plutarcho,
740 2506 910 2580 Ptolemaeo,
928 2507 1099 2566 memoriam

195 2633 263 2673 cum
277 2613 449 2686 enucleatis,
465 2615 514 2691 qui
527 2631 608 2670 nunc
623 2617 703 2685 sunt,
714 2617 745 2670 et
758 2611 796 2671 ad
808 2612 969 2672 harmonia
982 2613 1099 2692 regulas

196 2717 302 2778 effictis
323 2716 518 2777 concentibus
541 2715 737 2784 conseramus,
759 2735 822 2776 non
844 2737 1003 2796 possumus
1027 2718 1100 2797 quin

195 2821 361 2884 recentiora
375 2819 543 2882 Germaniae
561 2819 713 2880 veteribus
728 2820 901 2881 Graecorum
919 2821 1098 2883 carminibus

195 2932 429 3007 anteponamus;
450 2924 528 2983 hanc
547 2928 657 2997 autem,
671 2924 776 3004 poesin
794 2923 868 3000 dico,
882 2926 1000 2986 etiamsi
1019 2926 1098 3006 prin-

196 3030 292 3110 cipem
311 3029 375 3108 ejus
394 3027 561 3087 Homerum
575 3027 760 3098 confitemur,
774 3049 836 3089 non
856 3029 981 3090 alienam
998 3035 1099 3092 tamen

196 3139 250 3193 aut
262 3133 349 3193 nobis
368 3137 421 3191 aut
442 3131 609 3192 Gemanica
627 3153 692 3192 esse
709 3138 863 3193 testantur
876 3135 1097 3215 Shakspemius,

196 3237 354 3309 Miltonus,
368 3235 526 3304 Goethius‚
542 3237 717 3311 Schellerus,
731 3237 913 3318 aliorumque
926 3240 1006 3299 haud
1020 3259 1097 3320 sper·

194 3341 294 3402 nenda
319 3339 490 3402 multitudo.
540 3342 606 3404 Nec
632 3361 701 3402 vero
728 3343 766 3402 ad
791 3345 971 3404 recentiores
997 3363 1097 3404 eamus

195 3464 317 3506 necesse
336 3449 392 3504 est.
434 3445 572 3525 Ipsorum
593 3445 678 3505 enim'
688 3445 872 3520 Graecorum,
886 3465 950 3525 quae
969 3445 1097 3505 secunda

197 3549 234 3610 ab
255 3548 385 3609 Athenis
405 3549 514 3610 artium
535 3549 690 3631 disciplina
708 3551 776 3626 luit,
794 3571 859 3612 cam
879 3570 941 3610 non
965 3549 1097 3612 Laceda-
