2470 4046
638 225 677 284 22

208 383 372 446 Laurentio
386 389 500 446 renata.
542 385 601 448 His
615 391 716 446 autem
729 383 889 446 admodum
903 382 1014 444 similes
1028 380 1135 441 inter·

208 509 240 550 se
260 489 380 550 fuerant
399 511 500 552 rerum
519 491 706 572 publicarum
725 491 866 552 rationes.
907 489 956 550 De
977 487 1129 548 Athenis
1219 499 1220 506 ’

208 593 339 656 breviter
358 596 408 656 ille
432 597 628 676 Thucydides,
651 603 766 674 ἐγίγνετο
786 603 858 675 λόγῳ
877 600 925 671 μὲν
944 599 1128 670 δημοκρατία,

210 706 279 779 ἔργῳ
293 705 320 759 δέ
334 705 384 762 ὑπὸ
398 709 445 760 τοῦ
458 708 561 778 πρώτου
580 708 671 780 ἀνδρὸς
689 704 765 779 ἀρχῆ.
809 701 884 776 Quae
906 699 999 780 qualis
1022 703 1127 771 esset,
1219 685 1220 690 ¹

209 803 329 883 longius
347 805 427 866 idem
446 806 590 866 Periclem
608 813 807 886 exponentem
825 805 913 878 fecit3
935 823 1003 864 cum
1020 807 1129 881 negat

211 930 378 988 quenquam
405 917 529 992 propter
552 911 762 972 obscuritatem
783 913 834 992 jus
856 916 910 970 aut
932 913 1126 990 potestatem

212 1014 353 1093 consequi
372 1035 434 1075 non
453 1035 558 1095 posse3
578 1015 715 1074 omnibus
729 1016 809 1074 enim
829 1014 878 1074 cui
898 1014 1023 1093 quisque
1041 1011 1127 1071 velit

212 1118 312 1178 studio
336 1139 368 1177 sa
388 1119 457 1178 dare
478 1119 542 1179 sine
562 1119 673 1179 invidia
691 1119 797 1192 licere3
827 1119 908 1179 unde
928 1124 960 1178 et
980 1115 1127 1194 singulos·

213 1222 291 1285 cives
303 1223 389 1302 plura
407 1243 496 1300 quam
514 1224 604 1284 ullius
622 1224 698 1284 alius
712 1224 841 1284 civitatis
855 1223 976 1302 cognita
994 1222 1123 1293 habere,

213 1330 244 1385 et
264 1327 432 1388 universam
451 1328 556 1389 urbem
579 1329 699 1409 reliquae
725 1329 848 1390 Gracia
869 1327 1018 1408 specimen
1038 1345 1122 1385 esse.

215 1430 273 1491 Oui
294 1432 442 1493 simillima
462 1433 521 1494 fuit
544 1434 599 1494 sub
624 1435 787 1494 Laurentio
809 1432 972 1494 Florentia.
1015 1432 1120 1490 Penes

213 1536 357 1615 populum
374 1557 484 1597 nomen
500 1537 617 1618 imperii
634 1538 702 1609 fuit,
718 1538 770 1598 sed
788 1542 823 1596 ut
842 1535 1000 1596 Laurentii
1018 1535 1121 1614 gratia

213 1640 281 1719 plus
299 1662 388 1721 quam
404 1643 578 1722 plerumque
595 1663 700 1721 regum
717 1647 851 1723 potestas
870 1642 908 1702 ad
927 1641 1027 1701 omnia
1046 1640 1119 1700 diri-

214 1744 312 1823 genda
323 1745 457 1824 polleret.
499 1745 590 1806 Unde
603 1746 715 1806 factum
729 1752 775 1818 ut,
790 1767 882 1827 quum
897 1746 962 1826 ipse
975 1750 1008 1805 et
1021 1744 1119 1804 studi·

214 1869 284 1908 osus
298 1850 371 1909 artis
385 1855 417 1909 et
429 1849 544 1930 peritus
558 1855 647 1922 esset,
660 1851 766 1912 urbem
779 1872 814 1911 eo
831 1851 960 1924 tolleret,
975 1855 1020 1921 ut,
1034 1849 1117 1929 quod
1219 1843 1220 1870 ³

214 1957 254 2018 ad
273 1957 409 2018 liberales
429 1964 518 2034 artes,
537 1959 669 2038 proxime
688 1960 725 2020 ab
747 1960 876 2019 Athenis
896 1959 955 2018 illis
976 1958 1117 2019 Pericleis

215 2062 342 2123 abesset.
385 2063 482 2139 Quam
508 2064 627 2145 quidem
644 2064 782 2126 'civitatis
808 2064 955 2125 rationem
985 2064 1031 2141 (in
1057 2083 1117 2142 qua

216 2167 329 2228 seilicet
346 2167 422 2230 liber
438 2169 566 2250 populus
585 2170 622 2230 ab
636 2191 696 2229 uno
710 2170 853 2250 prudenti
865 2169 984 2229 homine
998 2168 1116 2228 ducitur

216 2277 248 2331 et
272 2273 422 2352 dirigitur)
449 2280 481 2334 et
503 2275 570 2354 ipsa
591 2275 668 2336 ratio
692 2275 777 2334 docet
800 2273 858 2334 arti
881 2293 946 2333 esse
970 2273 1112 2332 idoneam.

217 2377 410 2438 Multitudini
427 2379 507 2438 enim
525 2380 600 2439 duce
618 2399 693 2458 opus
711 2383 767 2448 est,
787 2378 838 2457 qui
856 2385 888 2438 et
906 2397 1009 2438 corum
1026 2375 1114 2436 facul-

216 2486 305 2556 tates,
319 2483 368 2542 oui
385 2483 533 2565 pracipue
550 2489 628 2563 aptae
642 2483 712 2556 sint,
726 2482 834 2554 videat,
849 2487 880 2542 et
899 2481 963 2562 ipae
982 2480 1113 2560 exemplo

217 2591 250 2646 et
272 2586 372 2647 favore
393 2608 444 2648 eos
466 2588 558 2654 adid
581 2591 743 2657 conmutat,
766 2591 798 2646 et
821 2585 989 2646 universam
1012 2585 1113 2644 urbem

218 2691 376 2750 concordia
398 2691 546 2764 stabiliat3
578 2697 692 2752 certare
720 2695 821 2750 autem
846 2689 968 2768 ingenio
994 2688 1113 2749 libertas

217 2794 313 2868 docet,
322 2795 461 2872 quoniam
474 2815 625 2856 servorum
638 2795 709 2875 ipsa
719 2800 836 2854 mentes
845 2793 964 2854 vincula
973 2793 1112 2868 sentiunt,

216 2899 380 2960 liberorum
396 2901 570 2981 panduntur
587 2901 727 2962 audacius
745 2905 777 2960 et
795 2899 918 2960 elatiora
935 2898 1111 2977 concipiunt.

220 3004 309 3080 Quod
322 3025 417 3065 causae
431 3010 493 3086 est,
501 3027 562 3081 cur,
576 3025 744 3086 quanquam
757 3004 883 3084 largiore
897 3007 1021 3083 sumptu
1032 3023 1111 3081 reges
1219 3063 1220 3068 ,

218 3109 333 3172 artibus
345 3109 447 3170 favent
459 3110 584 3191 ideoque
598 3111 738 3190 majorem
751 3109 897 3172 artificum
910 3127 1066 3167 numerum
1078 3105 1112 3167 ad

219 3234 251 3276 se
273 3215 463 3290 contrahunt,
485 3221 517 3276 at
540 3235 596 3276 nec
618 3215 662 3274 vis
684 3213 717 3272 in
739 3213 798 3273 illis
821 3213 903 3286 insit,
925 3231 981 3272 nec
1004 3210 1111 3290 ingenii

217 3318 349 3393 ubertas,
363 3340 435 3399 quas
453 3320 575 3381 libertas
594 3319 657 3379 sola
674 3318 752 3378 alere
770 3324 870 3398 potest
881 3345 888 3392 ;
900 3317 961 3378 sed
974 3316 1013 3376 ad
1027 3316 1110 3376 unius

218 3423 374 3486 arbitrium
385 3425 488 3502 gratia
498 3424 635 3484 ineunda
647 3443 743 3498 causa,
751 3443 813 3482 non
826 3423 899 3484 artis
913 3421 1109 3501 promovenda

219 3526 257 3592 ad
274 3547 375 3588 rerum
387 3527 543 3590 veritatem
556 3528 657 3588 omnia
673 3527 835 3605 fingantur.
876 3526 950 3601 Quoe
964 3545 1025 3584 una
1038 3530 1109 3585 certe

219 3652 256 3696 ex
270 3631 366 3694 causis
384 3631 453 3708 fuit,
466 3631 546 3714 quod
564 3637 669 3696 tantus
687 3631 821 3710 Augusti
837 3650 908 3709 erga
925 3633 1005 3690 artes
1018 3628 1108 3692 favore
