2470 4046
562 144 601 202 43

131 300 298 381 adjunctas,
323 321 437 381 semper
464 306 638 383 segregavit.
680 308 791 366 Contra
816 307 921 366 Sericae
948 312 1034 366 tanto

132 413 179 468 est
199 405 364 484 longitudo,
384 412 420 466 ut
440 407 559 468 minime
579 410 680 470 eodem
700 411 808 470 aethcre
829 417 954 491 uterque
973 417 1033 470 ter-

131 511 229 569 minus
248 514 368 570 utatur:
389 511 533 570 universae
551 523 650 574 tamen
669 516 768 592 gentis
787 537 880 575 unum
899 515 1033 595 idemque

130 615 292 694 ingenium.
349 613 520 689 Quinetiam
547 637 608 676 non
635 619 752 693 sensim,
776 625 812 679 ut
839 620 966 693 athene,
991 620 1033 679 sic

129 718 245 798 ingenii
267 717 445 778 variationes
468 719 562 779 fiunt:
595 721 648 781 sed
670 723 708 782 ad
734 728 840 797 certos,
865 723 1033 803 quicunque

131 824 202 896 sint,
227 824 287 882 sive
311 822 455 880 montium
479 824 562 903 juga,
586 825 647 885 sive
671 827 800 902 flumina,
825 828 887 888 sive
910 828 1033 887 arbitrio

129 950 186 992 nec
213 933 321 986 natura
344 927 403 1000 fixi,
427 928 581 1006 regionum
604 931 679 990 fines
709 933 883 992 continuata
908 933 1032 1004 indoles,

130 1027 274 1090 tramissis
288 1027 407 1098 finibus,
420 1037 544 1108 repente
563 1033 620 1093 alia
637 1035 682 1094 fit.
725 1035 922 1096 Verisimilius
940 1037 1034 1115 igitur

129 1137 161 1209 ii,
176 1135 226 1213 qui
247 1131 285 1192 ad
304 1132 446 1192 instituta
458 1135 649 1216 confugiunt:
673 1141 725 1200 sed
744 1141 809 1220 ipsa
827 1146 928 1201 tamen
948 1142 1032 1200 insti·

130 1245 208 1300 tuta.
221 1238 301 1298 unde
323 1248 394 1299 sunt
415 1241 503 1302 orta?
543 1243 756 1303 Difficillimum
780 1265 850 1304 sane
872 1251 918 1305 est
939 1245 1033 1324 prima

132 1350 268 1427 gentium
294 1351 382 1411 initia
407 1357 558 1432 repetere:
590 1349 768 1409 eredendum
792 1355 899 1422 autem,
925 1350 1032 1428 ubique

131 1454 210 1513 feros
231 1455 373 1526 homines,
393 1456 605 1536 cumprimum
628 1473 659 1513 se
680 1453 714 1512 in
736 1455 891 1513 societates
912 1474 1032 1532 congre·

133 1564 248 1636 gerent,
268 1559 323 1617 uni
343 1559 439 1631 elicui,
455 1560 506 1639 qui
525 1559 645 1638 ingenio
667 1563 719 1617 aut
740 1557 850 1616 divitiis
870 1563 1032 1638 prestaret,

131 1663 338 1722 auctoritatem
357 1664 541 1743 permisisse:
562 1663 632 1722 hino
650 1663 683 1722 in
697 1662 822 1740 singulis
840 1663 1032 1725 societatibus

130 1766 241 1847 primos
263 1767 351 1826 duces
371 1788 426 1846 pro
446 1768 574 1846 ingeniis
595 1769 657 1827 suis
678 1789 773 1828 mores
788 1769 926 1829 comitum
946 1770 1032 1830 insti·

130 1871 241 1945 tuisse3
263 1871 377 1944 deinde,
398 1878 433 1930 ut
453 1872 532 1931 filius
552 1879 705 1952 parentem
724 1873 825 1947 refert,
846 1874 1031 1934 novissimam

134 1995 277 2054 quamque
304 1981 423 2034 atatem
448 1975 481 2034 in
507 1976 701 2054 precedentis
727 1997 823 2035 mores
847 1979 1032 2038 successisse.

137 2078 224 2152 Quod
247 2081 273 2139 si
299 2079 484 2157 ingeniorum
509 2077 689 2138 diversorum
712 2078 935 2140 fundamentum
958 2089 1032 2152 erat,

136 2185 295 2257 usuvenit,
308 2189 353 2256 ut,
367 2203 430 2263 quae
445 2202 589 2242 annorum
602 2181 688 2260 lapsu
700 2181 842 2240 mutanda
855 2187 964 2256 essent,
978 2204 1032 2263 pro

135 2282 261 2362 ingeniis
279 2305 313 2344 ac
336 2285 465 2344 moribus
486 2284 573 2344 aliter
594 2284 631 2344 ab
649 2282 706 2342 alia
724 2283 865 2344 societate
883 2289 1032 2346 mutaren-

133 2394 192 2450 tur.
235 2389 326 2450 Unde
345 2391 498 2450 civitatum
518 2389 680 2450 diversitos.
723 2389 819 2464 Quam
839 2391 922 2450 auxit
943 2393 1032 2452 etiam

133 2493 249 2554 infinite
277 2494 397 2553 diversae
424 2513 523 2554 rerum
549 2497 699 2571 gestarum
727 2501 757 2550 et
784 2512 904 2552 casuum
931 2493 1031 2567 series,

133 2602 185 2680 qui
207 2600 296 2660 vicini
319 2601 424 2678 cuique
445 2599 566 2671 fuerint,
589 2619 653 2677 quae
674 2597 757 2657 belle·
771 2597 909 2675 gerenda,
926 2604 963 2658 ‚et
984 2599 1031 2658 his

134 2703 248 2765 similia.
290 2701 364 2776 Quae
377 2720 433 2768 nec
446 2700 484 2759 ad
504 2705 585 2760 certa
606 2720 715 2778 genera
734 2706 861 2778 possunt
874 2700 987 2776 referri,
1001 2707 1033 2761 et

133 2807 291 2885 plurimum
318 2805 355 2865 ad
383 2804 515 2882 singrdas
547 2804 628 2882 leges
656 2804 893 2865 determinandas
919 2806 1031 2866 valent.

138 2909 212 2983 Quae
237 2910 281 2968 ita
304 2909 412 2968 sensim
437 2909 534 2986 ipsum
557 2907 709 2984 ingenium
732 2909 836 2987 popuii
861 2916 978 2970 mutant
1001 2915 1033 2969 et

135 3011 264 3088 fingunt,
287 3017 323 3068 ut
347 3030 461 3088 semper
487 3014 587 3067 tamen
610 3009 751 3087 juvenilis
775 3010 865 3068 animi
890 3014 1034 3074 nonnulla

134 3117 260 3196 vestigia
285 3136 377 3194 usque
404 3115 442 3174 ad
468 3117 651 3174 senectutem
677 3119 877 3191 permaneant.
927 3116 1033 3177 Primae

135 3223 229 3303 igitur
249 3220 425 3300 populorum
445 3217 642 3298 proprietates
663 3216 696 3276 in
716 3235 833 3295 genere,
852 3238 914 3278 non
935 3221 967 3280 in
988 3241 1032 3282 re-

135 3327 223 3407 gione
243 3329 296 3384 aut
318 3321 466 3382 institutis
490 3320 690 3382 continentur.
743 3319 825 3395 Quas
847 3322 936 3382 altius
959 3325 1034 3384 velle

134 3431 321 3510 investigare,
341 3449 397 3490 neo
418 3427 539 3508 pietatis
558 3446 614 3487 nec
634 3425 786 3506 sapientae
807 3431 894 3488 esset.
935 3428 1033 3488 Remi·
