2470 4046
567 197 606 254 49

136 357 268 419 Athenas
295 379 313 418 a
341 358 510 440 Pythagora
536 367 572 432 et
602 359 788 441 Hippocrate
815 357 937 419 advecta
962 363 1035 418 erat.

137 463 241 524 Liceat
254 469 380 538 tantum,
391 486 448 545 quo
461 465 494 524 in
505 465 616 544 regulis
629 469 723 524 artem
736 462 914 524 contineris
926 462 1037 522 Grecis

137 567 322 628 intellectum
340 573 545 638 monstremus,
564 569 773 650 Doryphorum
789 567 873 630 illum
893 566 1037 648 Polycleti

138 673 279 754 proferre,
301 694 387 753 quem
411 694 476 733 cum
498 673 549 733 ille
573 673 697 734 scientia
720 672 888 752 adjustum
910 672 1037 752 partium

138 776 360 857 proportionem
383 797 417 838 ac
438 782 574 838 naturam
594 777 782 852 elaborasset,
806 795 918 837 canone
936 774 967 846 ii,
988 775 1038 855 qui

137 888 208 963 post
229 888 324 956 erant,
346 881 544 963 appellabant.
584 880 758 961 Exemplum
778 900 848 940 vero
870 884 925 954 est,
947 898 1036 959 quan·

138 993 242 1067 tepere
254 987 373 1067 reliqua
387 986 548 1067 disciplina
566 986 624 1046 arti
640 984 766 1066 prosint,
780 985 939 1066 AEgyptus,
953 993 1038 1064 quse!

138 1113 205 1152 cum
227 1111 321 1173 pauca
344 1091 474 1171 quedam
495 1090 662 1170 geometria
680 1090 826 1150 elementa
847 1089 1037 1171 percepisset,

138 1217 253 1256 morum
273 1195 488 1276 philorophiam
505 1195 625 1274 penitus
638 1194 777 1263 nesciret,
789 1193 875 1254 rudia
887 1193 1037 1253 hominum

139 1300 294 1360 simulacra
313 1305 395 1360 recte
416 1298 608 1379 proportione
631 1299 714 1359 nulla
729 1299 792 1358 vita
814 1298 920 1357 effecit.
972 1297 1038 1357 Nec

138 1403 294 1484 indignum
310 1403 514 1464 animadversu
533 1408 589 1478 est,
605 1402 684 1483 quod
700 1401 802 1462 eodem
821 1407 954 1482 tempore
972 1401 1039 1462 Flo·

138 1509 258 1569 tentiusz
271 1513 376 1568 renata
388 1513 435 1568 est
448 1507 573 1588 pictura,
583 1526 618 1566 ac
631 1505 710 1586 apud
722 1504 915 1564 Laurentium
927 1504 1038 1564 instau-

139 1619 205 1674 rata
224 1612 282 1672 fuit
304 1612 401 1674 divina
422 1612 474 1672 illa
492 1611 626 1671 Platonis
647 1609 840 1690 philosophia
884 1609 978 1686 Quam
996 1608 1038 1668 di-

139 1738 224 1778 versa
246 1723 344 1778 autem
365 1719 466 1777 Romae
486 1715 575 1776 fuerit
597 1715 785 1776 scientiarum
806 1713 971 1788 aestimatio,
991 1734 1039 1774 ex·

136 1823 266 1903 ‚emplum
275 1823 416 1883 habemus
434 1821 465 1881 id
479 1821 557 1902 quod
571 1820 607 1881 de
615 1820 793 1881 Archimede
807 1820 989 1900 Syracusano
1003 1819 1040 1881 Τ.

140 1927 190 1986 ille
203 1926 305 1987 Livius
319 1929 460 2007 scriptum
477 1925 633 1986 tradidit¹2
655 1924 873 1985 “Archimedes
889 1929 961 1999 erat,
975 1924 1039 2008 uni-

78 2108 83 2118 ¹
142 2051 193 2092 cns
215 2037 366 2112 spectator
385 2031 452 2092 coeli
472 2031 672 2110 siderumque;
694 2029 854 2091 mirabilior
874 2037 975 2091 tamen
994 2031 1039 2091 in-

143 2143 247 2196 ventor
272 2157 307 2197 ac
333 2135 516 2196 machinator
540 2135 710 2196 bellicorum
735 2139 950 2195 tormentorum
972 2155 1039 2216 ope·

144 2242 293 2322 rumque.’'
349 2240 423 2316 Quae
450 2240 626 2300 Plutarchus
656 2239 776 2300 omnino
801 2239 835 2298 in
860 2241 1040 2300 contrarium

142 2345 233 2406 refert
246 2347 279 2406 in
291 2346 353 2406 vita
366 2345 519 2406 Marcelli:
544 2345 631 2405 docet
650 2345 729 2404 enim
748 2344 781 2404 in
800 2344 892 2424 puris,
905 2365 977 2426 quas
990 2367 1039 2406 vo·

140 2462 218 2527 cant,
232 2453 399 2532 geometria
417 2451 579 2532 disciplinis
596 2456 693 2511 totum
706 2450 914 2511 Archimedem
930 2451 1040 2525 fuisse3

141 2558 179 2618 ad
191 2557 341 2617 machinas
355 2562 387 2617 et
397 2577 487 2637 opera
498 2555 619 2616 nonnisi
628 2560 754 2635 cogente
768 2556 903 2616 Hierone
915 2556 1040 2616 invitum

142 2681 174 2720 se
192 2659 332 2720 vertisse:
354 2679 457 2739 parum
477 2659 556 2718 enim
575 2658 711 2718 decorum
729 2658 803 2718 artis
822 2679 881 2718 suoe
900 2659 1040 2739 dignitati

141 2764 270 2836 rebatur,
284 2783 348 2822 eam
360 2764 398 2822 ad
411 2783 565 2843 corporeas
577 2783 626 2822 res
639 2768 764 2823 vertere.

183 2870 211 2925 4.
232 2869 291 2926 Res
303 2887 373 2926 vero
387 2868 441 2927 sibi
455 2872 520 2926 arte
533 2867 713 2945 effingendas
728 2871 821 2928 Gracci
834 2870 1040 2949 proponebant

144 2970 226 3031 Deos
240 2971 404 3031 ethereas:
426 2973 550 3031 Romam
565 2975 722 3051 principes,
736 2981 897 3044 senatores,
910 2977 1040 3055 privatos

143 3077 285 3138 homines.
328 3077 400 3134 Cum
413 3079 491 3136 enim
509 3075 540 3134 hi
560 3078 592 3134 in
609 3075 704 3134 titulis
721 3086 753 3136 et
769 3079 943 3157 imaginibus
961 3101 1040 3160 mag·

144 3201 255 3262 nopere
266 3187 431 3262 stuperent,
441 3201 477 3242 eo
487 3186 581 3240 artem
590 3180 763 3254 vertebant;
783 3181 1040 3261 utforum,triviae,

143 3287 223 3348 domi
249 3287 409 3346 simulacris
433 3287 582 3346 hominum
604 3284 738 3345 conferta
760 3291 870 3346 essent.
912 3289 1039 3350 Athenis

178 3441 189 3472 ⁷
207 3432 319 3482 Mulier's
333 3432 440 3480 Ancient
451 3431 503 3479 Art.
614 3437 624 3460 ¹
641 3430 697 3479 Life
708 3430 735 3479 oi
744 3429 856 3480 Lorcnao
867 3431 896 3480 de
908 3431 1006 3482 Medici.

475 3516 488 3540 ¹
505 3510 559 3560 Lir.
571 3511 656 3558 xxxiv.
667 3513 706 3559 24.

585 3615 605 3656 l·
