2470 4046
661 229 678 284 2

215 381 356 442 tidianam
377 385 469 446 111111
489 386 636 447 attinent:
665 387 793 448 alterum
816 407 1023 467 earumque,
1048 407 1117 447 cum

213 492 337 566 propter
349 510 437 550 usum
450 496 523 551 ortae
537 492 599 552 sint
617 497 649 551 ct
665 492 803 552 nonnihil
818 493 964 553 commodi
977 492 1116 562 habeant,

213 598 336 672 propter
359 595 584 658 delectationem
610 603 712 658 tamen
738 599 886 678 praecipue
914 598 1117 670 aestimentur3

214 699 299 778 cujus
322 702 440 779 generis
461 709 507 763 est
527 704 695 764 liberalium
718 709 802 765 totus
822 724 974 779 numerus,
994 704 1116 778 musica,

212 803 320 881 poesis,
338 805 464 884 pictura,
484 808 635 882 statuaria,
656 829 718 868 non
741 809 870 888 vulgaris
890 809 941 868 illa
965 807 1115 882 domuum,
1145 815 1147 820 '

213 909 266 970 sed
279 909 357 970 elata
369 912 441 987 hacc,
455 933 521 992 qua
539 914 572 974 in
591 915 772 975 ornamentis
791 916 898 976 adium
911 935 945 976 ac
958 919 1117 976 venustate

213 1014 385 1076 continetur
396 1043 404 1090 ;
423 1037 547 1096 quarum
561 1019 694 1078 omnium
707 1020 775 1080 fluis
788 1025 835 1080 est
848 1019 1047 1099 pulchritudo.
1070 1019 1116 1078 Ex

212 1118 259 1178 his
283 1125 384 1179 autem
406 1121 534 1181 alterum
556 1122 640 1196 illud,
664 1123 743 1202 quod
765 1123 887 1183 utilium
910 1128 965 1196 est,
990 1123 1117 1182 Romani

212 1223 330 1302 egregie
344 1225 498 1299 colebaut;
518 1232 554 1285 ut
573 1226 744 1288 etiamnunc
757 1227 819 1288 1111
833 1248 851 1286 1
863 1228 1004 1288 Romanis
1021 1233 1116 1288 struc-

211 1334 259 1387 tas
280 1329 430 1403 miremur,
451 1330 568 1408 legibus
588 1331 732 1392 Romania
755 1332 935 1405 studeamus,
958 1332 1116 1392 militarem

213 1431 322 1494 ducum
336 1437 538 1494 Romanorum
557 1436 711 1496 scientiam
729 1437 897 1510 imitemur;
916 1437 972 1496 hoc
988 1437 1116 1498 alterum

211 1537 377 1600 liberalium
396 1539 429 1598 11
444 1539 560 1600 Graecia
576 1541 855 1619 praestantissimum
873 1541 1008 1614 evasisse,
1023 1561 1041 1600 1
1058 1544 1116 1602 Ro·

211 1643 307 1702 manis
320 1643 382 1702 fere
396 1645 526 1706 alienum
539 1645 640 1719 fuisse,
655 1646 796 1726 exemplis
809 1646 927 1725 plenius
941 1638 1130 1708 (1111111111.Ι

211 1748 356 1828 Ineptum
380 1750 460 1809 enirn
484 1751 533 1810 cui
555 1771 618 1811 non
637 1752 797 1824 videretur,
818 1752 844 1811 si
864 1773 966 1812 causas
986 1753 1030 1812 rei
1050 1753 1117 1834 quis

211 1859 283 1912 1111
296 1853 498 1932 investigaret,
513 1875 601 1933 quam
614 1855 680 1934 ipsa
693 1874 741 1916 res
754 1874 823 1914 vera
836 1875 930 1914 necne
944 1860 1023 1914 esset
1042 1856 1116 1916 satis

214 1960 337 2020 haberet
351 1960 612 2021 demonstratum?

253 2064 303 2124 Ad
315 2064 408 2124 fastos
426 2065 520 2144 igitur
538 2070 569 2124 et
586 2064 771 2125 monimenta
788 2065 1015 2145 proficiscamur.
1051 2066 1116 2126 Pic-

213 2175 294 2228 tores
315 2169 441 2228 Romani
460 2169 582 2229 ubinam
603 2169 698 2230 sunt?
722 2169 775 2230 ubi
794 2170 924 2231 musici?
948 2171 1001 2231 ubi
1021 2178 1116 2231 statu-

214 2273 292 2334 arii?
319 2293 359 2332 an
379 2274 540 2334 Pacuvium
560 2275 716 2354 quisquam
736 2281 859 2355 propter
877 2276 994 2335 tabulas
1015 2296 1117 2354 super-

215 2377 317 2437 stitem
335 2377 451 2438 credit?
472 2399 511 2438 au
531 2379 568 2439 L.
583 2379 668 2438 illurn
687 2379 862 2458 Scipionem,
881 2383 934 2437 aut
955 2378 1118 2438 Messalam

214 2481 299 2540 illum
320 2481 480 2541 Poenorum
501 2482 533 2540 in
555 2483 653 2542 Sicilia
676 2483 826 2556 victorem,
847 2481 964 2542 tabulas
985 2483 1117 2562 pinxisse

215 2585 353 2665 cuiquem
372 2591 480 2665 praeter
501 2587 592 2646 Plinii
612 2586 761 2646 studiosos
782 2587 953 2646 auditum⁸?
981 2593 1117 2648 111111-

214 2710 316 2749 rorum
336 2711 374 2749 ne
394 2691 516 2750 nomine
529 2690 648 2770 quidem
668 2691 787 2750 aliunde
807 2693 935 2770 cognita.
977 2691 1034 2752 Vel
1051 2692 1117 2771 quis

215 2794 382 2873 Turpilium
399 2814 540 2874 unquam,
554 2799 607 2852 aut
625 2793 810 2868 Mancinum,
824 2795 890 2874 quis
904 2795 1041 2855 Aterium
1059 2796 1118 2856 La-

215 2899 341 2960 beonem
353 2899 495 2959 memoria
512 2898 650 2978 accepit?
692 2900 765 2960 Post
780 2900 925 2962 Graeciam
938 2921 1007 2962 vero
1024 2902 1117 2962 domi-

214 3010 277 3066 tam
302 3005 336 3066 in
361 3006 495 3066 honestis
518 3006 656 3066 manibus
678 3027 831 3086 nunquam
855 3012 1018 3086 spectatam
1041 3008 1118 3068 hanc

215 3117 311 3172 artem
337 3112 430 3172 1111111
458 3111 589 3172 Plinium
614 3118 767 3172 auctorem
792 3112 952 3195 habemus:
986 3114 1117 3174 externis

216 3218 296 3278 euim
317 3217 410 3296 signis
430 3216 599 3297 tabulisque
620 3216 754 3277 conferta
772 3217 844 3278 urbs
865 3217 927 3278 suis
946 3218 1118 3280 incumbere

214 3342 278 3382 non
293 3323 425 3384 curabat.
468 3323 637 3382 Graecorum
658 3327 762 3382 contra
779 3328 853 3401 quot
870 3343 1016 3403 quamque
1034 3343 1118 3402 egre-

215 3427 259 3506 gii
278 3425 311 3484 in
331 3425 482 3505 pingendo
503 3421 726 3488 exstitenmtl'?
767 3426 861 3486 Fama
883 3426 1054 3486 etiamnunc
1077 3426 1118 3488 11-

279 3563 289 3585 ·
306 3555 370 3604 Pliu.
385 3555 443 3604 Nat.
458 3555 531 3614 Hiar..
544 3571 618 3606 xxxv.
631 3557 654 3604 4.
811 3551 823 3586 ⁸
841 3555 913 3612 luia,
925 3569 999 3604 xxxv.
1013 3558 1050 3604 10.
