2470 4046
611 131 651 188 42

180 295 307 376 populus
321 294 379 353 fuit
395 294 577 367 Ciceronem,
592 293 763 366 Horatium,
777 293 908 352 Plinium
922 291 1083 373 sepissime

181 406 341 480 querentes
349 399 492 478 legimus:
515 419 602 478 quam
611 404 712 458 autem
723 399 850 458 alienum
861 399 897 458 ab
909 405 972 458 arte
981 418 1084 458 eorum

178 504 332 583 ingenium
350 503 449 576 iuuerit,
464 502 668 581 gravissimum
689 508 839 562 auctorem
854 503 1013 582 Virgilium
1033 503 1084 560 ha-

180 611 293 682 bemus,
308 609 360 688 qui
378 629 395 667 a
412 607 499 668 laude
517 607 550 666 in
572 607 792 667 excusationem
811 607 937 667 Romani
955 607 1084 667 nominis

180 735 292 788 versus,
306 712 504 794 pulcherrime
517 712 560 771 ita
571 712 726 785 hortatur3

257 897 274 920 ‘⁶
287 894 416 941 Excudent
428 893 470 940 alii
484 892 601 955 spirantia
611 892 713 940 mollius
725 908 781 949 ωτι,

278 976 356 1024 Credo
369 976 489 1038 equidem,
499 982 523 1022 et
534 975 623 1021 ducent
635 975 702 1020 vivos
714 974 743 1020 de
754 988 873 1021 marmore
886 973 982 1029 vultus;
995 971 998 979 '

277 1057 388 1104 Orabunt
399 1072 484 1104 causas
496 1055 592 1113 melius,
605 1055 710 1118 coelique
721 1064 818 1104 meatus

278 1139 423 1187 Describent
434 1138 509 1196 radio,
522 1145 546 1185 et
557 1138 683 1200 surgentia
695 1139 774 1185 sidera
785 1138 881 1186 dicent:

278 1222 317 1270 Tu
329 1236 412 1282 regere
423 1219 526 1283 imperio
537 1219 650 1284 populos,
664 1219 782 1278 Romane,
793 1227 929 1276 memento;

278 1303 325 1350 Hae
338 1302 382 1350 tibi
393 1307 465 1348 eruut
476 1308 554 1358 arten
574 1301 689 1364 pacisque
701 1301 824 1366 imponere
836 1317 937 1360 morem,

278 1383 379 1431 Parcere
391 1383 515 1445 subjectis,
528 1389 553 1429 et
565 1383 684 1430 debellare
697 1383 838 1445 superbos.”

222 1547 338 1624 Quodsi
356 1546 421 1626 quis
441 1567 547 1626 parum
561 1547 624 1626 jam
638 1546 794 1626 quaestioni
813 1545 999 1607 satisfactum
1016 1567 1082 1607 esse

181 1657 296 1732 arguat,
310 1655 469 1731 propterea
486 1649 566 1729 quod
583 1649 677 1730 ipsius
696 1649 818 1730 ingenii,
833 1671 887 1710 cur
904 1651 964 1710 tale
982 1651 1083 1724 fuerit,

184 1775 279 1815 ceusae
297 1754 388 1834 qnaeri
407 1753 532 1828 debent3
554 1754 639 1834 quasi
656 1754 746 1814 rebus
765 1755 895 1814 externis
913 1755 1034 1815 formari
1052 1755 1085 1816 id

180 1879 301 1919 necesse
325 1858 380 1916 sit:
411 1857 521 1917 infitias
545 1878 633 1937 quam
656 1859 782 1918 maxime
806 1879 850 1918 eo.
893 1859 977 1919 Sicut
1004 1861 1084 1920 enim

183 1964 367 2043 singulorum
384 1963 544 2034 hominum,
559 1963 648 2022 etiam
661 1983 770 2037 eorum,
784 1964 836 2043 qui
848 1963 941 2025 isdem
956 1964 1085 2045 discipli·

182 2068 239 2139 nis,
254 2068 348 2127 isdem
361 2066 498 2137 fortunis,
509 2067 601 2127 isdem
615 2067 687 2127 locis
701 2068 748 2127 usi
762 2079 841 2143 aunt,
851 2069 971 2148 ingenia
983 2075 1085 2128 tamen

182 2179 214 2232 et
227 2172 384 2232 facultates
402 2172 524 2252 penitus
544 2172 658 2232 diversa
671 2172 830 2252 saepissime
845 2173 990 2246 evadunt;
1011 2195 1085 2253 quas

181 2278 275 2357 igitur
289 2276 474 2336 diversitates
492 2282 601 2337 natura
613 2277 731 2337 evenire
749 2298 811 2336 non
823 2297 980 2357 possumus
993 2277 1083 2337 ambi-

184 2401 270 2460 gere:
292 2402 358 2440 cum
368 2381 508 2459 gentibus
519 2401 635 2461 quoque
648 2381 726 2441 idem
737 2382 863 2441 obtinet.
885 2383 943 2442 Vel
953 2388 1084 2452 ceteras,

184 2506 248 2565 quae
267 2491 394 2565 possunt
412 2505 486 2557 esse,
501 2505 603 2545 causas
622 2486 839 2566 expendamus:
862 2507 934 2545 num
953 2487 990 2546 ad
1008 2487 1084 2565 regi·

185 2609 270 2651 onem
293 2587 442 2650 verteris?
473 2595 505 2648 at
530 2589 566 2648 de
589 2590 648 2662 illa,
673 2591 752 2669 quod
775 2590 812 2650 ad
838 2591 952 2650 finitam
976 2591 1085 2650 artium

185 2694 386 2774 quaestionem,
403 2697 464 2775 jam
485 2693 627 2769 diximus3
648 2715 741 2774 pauca
761 2695 797 2756 de
817 2695 955 2756 universo
975 2717 1085 2776 genere

185 2799 458 2860 animadvertamus.
520 2799 631 2858 Eadem
664 2799 726 2859 sere
760 2799 830 2859 solie
863 2801 1085 2880 propinquitate

181 2905 284 2984 jacent
307 2902 416 2972 Iberia,
440 2902 539 2976 Italia,
564 2903 687 2978 Gracia,
713 2903 822 2978 Persia,
847 2904 944 2978 India,
969 2905 1084 2964 Serica:

186 3015 218 3068 at
237 3027 324 3068 nemo
343 3006 421 3068 idem
440 3007 546 3066 harum
565 3008 718 3086 ingenium
738 3028 802 3067 ease
821 3008 977 3068 existunat.
1020 3009 1085 3069 Sin·

187 3113 271 3192 gulas
289 3111 426 3189 regiones
444 3111 629 3170 intueamur:
651 3111 732 3171 intra
748 3132 854 3192 parvos
876 3111 998 3172 Graeciae
1011 3113 1085 3174 fines

187 3237 274 3296 quam
295 3213 409 3274 diversa
428 3214 543 3274 Dorum
563 3222 594 3274 et
614 3216 723 3274 Ionum
742 3215 877 3294 ingenia!
907 3239 972 3297 qua
992 3219 1085 3280 diver-

185 3321 259 3381 sitas
280 3320 368 3380 etiam
389 3319 517 3379 colonias
537 3341 646 3395 eorum,
670 3339 756 3400 quam
782 3321 943 3401 longinque
970 3344 1086 3403 cunque

189 3450 206 3488 a
227 3427 324 3508 patria
343 3431 480 3501 remotas,
504 3431 764 3506 quantumcunque
783 3425 864 3486 inter
883 3449 914 3488 se
935 3429 1086 3490 vicinitate
