2470 4046
562 243 601 300 11

126 427 198 466 mon
205 404 287 479 tulit,
297 424 353 465 neo
362 404 480 478 Thebes,
490 425 529 464 uc
540 355 703 465 Corinthus
712 403 840 484 quidem,
851 403 904 464 sed
911 403 1034 464 Rhodos

126 511 244 572 insula:
266 511 315 570 bic
328 510 468 570 Laocoon
485 510 536 570 ille
550 510 658 583 factus,
672 509 719 570 his
738 510 955 590 complurimis
969 511 1034 570 aliis
1133 563 1136 570 .

126 615 253 694 egregia
267 615 483 694 magnitudinis
498 615 658 686 Colossus;
678 613 897 674 interlocorum
906 615 1035 689 delicias,

127 720 181 780 sed
193 719 277 780 molli
293 719 381 792 Asiae,
394 740 457 780 nou
478 719 583 780 Graeoo
602 719 658 779 sub
673 719 757 780 coelo.
801 719 919 794 Quibus
938 720 1035 799 proxi·

126 843 208 882 mam
221 823 341 882 laudem
354 823 412 882 sibi
425 828 608 903 pepererunt
623 823 729 884 Siculas
750 823 923 882 Graeoorum
936 823 1035 898 urbes,

129 931 292 1008 Syracusa,
304 929 476 1002 Leontium,
492 930 702 1008 Agrigentum.
738 929 788 988 Ne
800 929 838 987 iis
852 928 971 1008 quidem
985 928 1035 1006 qui

126 1033 165 1092 ab
174 1033 304 1093 Athenis
315 1054 347 1094 ss
362 1033 488 1094 Romam
498 1035 700 1108 contulerunt,
711 1034 798 1093 exilio
808 1034 894 1092 finita
906 1054 954 1092 ars
967 1033 1036 1107 fuit,

127 1137 181 1198 sed
198 1137 271 1198 alias
287 1139 325 1198 ob
347 1159 459 1211 causas,
474 1159 547 1218 quas
565 1137 644 1198 infra
664 1138 844 1211 docebimus,
859 1157 982 1216 quaeque
1002 1137 1036 1196 in

130 1243 246 1304 Graecia
272 1264 355 1322 aeque
382 1263 416 1303 ae
445 1244 548 1304 Romae
575 1244 795 1324 impedimentis
823 1249 918 1302 erant.
962 1243 1036 1318 Qua

128 1371 218 1428 quum
229 1350 273 1410 ita
286 1351 356 1424 sint,
370 1351 508 1410 nonnihil
527 1351 647 1430 quidem
665 1351 812 1411 interesse
832 1350 890 1409 arti
908 1349 973 1408 loca
993 1350 1036 1409 di·

129 1452 256 1512 cendum
269 1459 325 1526 est,
336 1454 475 1532 quoniam
487 1455 552 1514 loca
565 1460 646 1529 sunt,
656 1455 689 1514 in
703 1455 810 1534 quibus
823 1455 928 1514 florere
942 1461 1036 1512 artem

128 1575 216 1634 posse
229 1556 277 1616 via
290 1557 440 1620 crederes:
463 1559 516 1618 sed
534 1559 674 1639 adjuvare
691 1563 812 1618 tentum
832 1557 880 1617 vel
898 1577 961 1615 uon
975 1556 1035 1616 offi-

128 1681 211 1722 cere:
233 1681 328 1722 causae
342 1682 417 1736 esse,
433 1683 488 1722 our
504 1663 619 1722 Gracia
635 1664 731 1723 Roma
749 1663 782 1722 in
801 1661 911 1721 artium
928 1659 1036 1720 studiis

128 1767 263 1847 superior
277 1769 412 1842 evaserit,
424 1768 546 1829 minime
559 1769 662 1830 haberi
671 1770 736 1830 loca
749 1769 868 1829 debent.
903 1767 943 1826 Id
956 1771 1036 1826 certe

126 1873 203 1934 utile
225 1874 339 1934 Grecis
353 1874 482 1934 contulit
498 1875 602 1953 patria
621 1895 683 1935 non
703 1875 859 1934 amoenitas
878 1871 932 1931 sed
949 1871 1036 1946 situs,

128 1978 209 2056 quod
226 1980 401 2039 commercio
420 2000 489 2040 eum
509 1979 591 2040 Asiae
611 1986 643 2039 et
663 1980 797 2040 Orientis
818 1977 968 2058 gentibus,
982 1978 1036 2036 im·

129 2079 233 2158 primis
259 2082 412 2162 AEgyptiis
439 2089 471 2142 et
499 2083 689 2144 Phoenicibus
716 2088 884 2162 opportune
906 2081 1035 2160 jacebat.

132 2184 268 2260 Quorum
281 2187 335 2248 hos
348 2190 395 2248 vel
408 2191 542 2270 oprimis
560 2190 744 2270 temporibus
761 2189 883 2249 Graecias
898 2189 1035 2248 adrestos

128 2288 221 2350 fuisse
235 2289 299 2371 ipse
313 2292 477 2354 Homerusi
491 2293 585 2367 docet,
599 2293 644 2352 illi
663 2299 808 2372 quantum
829 2313 898 2352 cum
920 2293 1035 2353 Graeeis

128 2401 263 2475 agerent,
277 2403 429 2458 auctorem
446 2397 590 2457 babemus
609 2397 816 2457 Herodotum:
837 2417 893 2456 nee
906 2397 972 2456 fieri
984 2417 1035 2476 po·

128 2499 198 2573 tuit,
213 2499 295 2578 quin,
309 2503 376 2578 qu'ae
389 2500 411 2557 ii
425 2499 468 2558 sio
480 2509 692 2567 mercarentur,
706 2505 881 2560 ornamenta
894 2500 1035 2580 exemplis

129 2609 229 2664 essent
243 2604 323 2664 uude
343 2603 494 2664 orirentur
511 2603 608 2681 prima
622 2603 734 2664 Graecae
753 2605 826 2663 artis
839 2604 934 2664 initia.
978 2606 1036 2665 Sed

129 2727 197 2768 cum
209 2708 279 2781 sint,
291 2707 342 2786 qui
356 2707 456 2766 omnia
468 2706 582 2766 Graecae
595 2708 633 2767 ad
644 2709 799 2769 Phoenices
811 2709 923 2768 referre
932 2710 1035 2784 velint,

129 2832 226 2890 neque
240 2813 397 2890 quicquam
410 2811 524 2889 proprii
536 2811 569 2868 in
588 2812 716 2872 Hellade
732 2819 838 2873 natum
857 2833 922 2873 esse
936 2813 1035 2874 existi-

130 2920 223 2987 ment,
237 2915 284 2974 his
298 2915 438 2974 assentiri
451 2935 486 2974 eo
499 2915 598 2974 minus
611 2935 741 2994 possum,
755 2921 834 2999 quod
853 2921 969 2981 tamdiu
983 2921 1036 2982 du·

130 3019 216 3078 rabat
239 3018 379 3097 primaeva
399 3018 451 3077 illa
470 3018 587 3077 Daedali
605 3024 738 3082 vetustas
758 3029 790 3082 et
809 3025 978 3099 austeritas,
999 3032 1035 3087 ut

129 3128 231 3184 vetera
253 3123 305 3182 illa
328 3123 463 3202 exempla
485 3123 632 3202 perfecta,
656 3145 720 3204 qun
744 3133 848 3206 postea
870 3130 937 3205 brit,
960 3133 1035 3192 artis

131 3248 219 3288 causa
238 3227 341 3287 baberi
358 3226 442 3286 nullo
462 3226 549 3286 modo
569 3227 704 3306 possint:
726 3237 757 3290 ot
772 3239 917 3312 praeterea
935 3235 960 3294 si
981 3237 1036 3296 hoo

130 3332 240 3392 artium
254 3352 323 3392 cum
337 3330 528 3391 Phoenicibus
547 3333 754 3394 commercium
767 3335 883 3411 fuisset,
897 3340 1035 3400 nonnihil

131 3457 202 3498 saue
220 3457 257 3498 ex
274 3435 467 3496 monimentis
487 3455 522 3494 ae
542 3435 661 3514 scriptis
679 3437 846 3502 Phoeniceis
864 3443 963 3504 Graeci
976 3464 1036 3504 ser·

489 3562 496 3591 ¹
511 3565 557 3614 od.
568 3565 619 3614 xiii.
632 3567 687 3618 472.
