2470 4046
565 217 608 276 25

131 374 318 434 satisfactum
340 375 397 436 erit
416 376 485 436 huic
504 381 615 436 nostrae
628 374 792 456 quaestioni,
807 375 832 436 si
851 375 927 435 solas
946 375 1040 436 Athe·

132 479 256 538 nienses
283 499 348 538 cum
377 479 516 540 Romanis
548 480 741 539 conferamus.
797 479 936 560 Spartani
962 479 1040 538 enim

132 601 242 656 mores,
269 582 318 662 qui
351 583 449 642 omnia
474 588 583 663 praeter
608 590 744 644 naturum
773 584 959 658 ordinabant,
986 603 1041 643 nec

132 685 172 745 cd
194 686 348 766 quicquum
376 687 456 748 uliud
479 689 663 768 spectabant,
683 688 742 747 nisi
763 693 797 748 ut
818 687 944 746 militum
967 707 1041 766 gens

134 787 232 861 fieret,
254 789 368 848 ortibus
388 789 508 849 minime
530 791 754 852 conveniebant.
796 791 876 851 Vere
898 791 976 850 enim
998 791 1041 850 in-

134 893 243 972 genuis
256 893 371 953 artibus
385 914 480 954 mores
499 895 623 955 emolliri
637 895 751 970 solent3
772 896 825 956 sed
838 915 939 955 verum
953 895 1042 955 etiam

135 1003 193 1072 est,
210 997 268 1056 nisi
287 997 369 1078 prius
390 1018 486 1058 mores
507 999 631 1059 emolliti
650 999 769 1072 fuerint,
789 1005 869 1060 ortes
890 1001 961 1060 oriri
980 1020 1044 1060 non

135 1121 234 1181 posse.
276 1102 323 1162 De
337 1103 458 1183 reliquis
477 1104 599 1164 urbibus
612 1125 668 1166 nec
683 1105 755 1164 satis
774 1110 900 1179 constat,
914 1125 969 1164 nec
983 1104 1041 1164 sin-

135 1206 221 1284 gulos
239 1206 362 1286 ogguedi
379 1208 507 1286 pretium
525 1213 614 1268 essct.
656 1209 785 1268 Athenis
803 1209 896 1288 igitur
914 1209 1041 1269 servitiis

137 1310 251 1370 trudito
269 1317 340 1370 sunt
354 1313 460 1386 omniu,
475 1333 538 1392 quae
552 1313 584 1372 in
597 1334 684 1373 manu
698 1319 729 1372 et
742 1314 842 1374 labore
861 1324 939 1387 sunt,
952 1333 1042 1393 nego·

137 1415 190 1487 tio,
211 1414 400 1494 agricultum,
421 1421 454 1476 et
473 1417 611 1496 quicquid
631 1424 766 1487 βάναυσοι
785 1417 956 1492 videbatur;
979 1418 1043 1497 ipsu

138 1525 383 1598 mercatumque
403 1527 519 1580 tantum
540 1522 610 1582 urbs
631 1521 771 1602 pollebat,
791 1541 883 1602 penes
903 1527 1043 1582 metoecos

139 1620 202 1682 sere
221 1623 316 1682 omnis
336 1621 413 1698 fuit3
435 1625 584 1685 civitatem
604 1633 636 1685 et
656 1627 749 1686 otium
769 1627 827 1707 ipsi
846 1628 925 1687 cives
944 1645 1044 1706 prose·

137 1727 313 1806 quebuntur.
365 1728 453 1804 Quod
473 1729 499 1790 si
519 1731 684 1790 universum
704 1732 806 1792 unbem
826 1731 858 1791 in
882 1731 989 1791 divites
1012 1739 1044 1790 et

137 1831 309 1911 indigentes
327 1832 456 1892 dividere
474 1833 556 1908 velis,
574 1836 654 1894 illum
676 1835 800 1896 divitum
820 1841 934 1916 portem
953 1835 1044 1896 otium

139 1935 177 1994 ud
190 1936 342 1996 literarum
361 1942 392 1996 et
410 1937 518 1996 ortium
536 1940 636 1999 studio
653 1941 816 2013 convertit3
837 1961 891 1999 usu
906 1940 984 2004 enim
997 1959 1044 1998 ve·

141 2039 196 2108 nit,
217 2050 250 2099 ut
269 2042 301 2100 in
320 2043 561 2123 philosophorum
581 2045 668 2119 ludis,
682 2047 713 2105 in
734 2046 913 2125 porticorum
934 2047 1046 2126 apricu-

142 2141 282 2218 tionibus,
302 2145 335 2206 in
357 2147 511 2206 sccdemioe
536 2148 641 2218 hortis,
662 2149 695 2208 in
716 2149 782 2209 eliis
803 2149 892 2209 rebus
913 2148 1044 2227 agendis,

142 2247 369 2310 Atheniensium
383 2251 408 2311 si
422 2252 487 2332 quis
501 2253 574 2312 sctis
593 2259 760 2312 nummatus
774 2258 863 2328 esset,
876 2263 969 2312 cotom
983 2252 1046 2312 fere

140 2353 230 2413 vitam
248 2362 359 2435 ageret.
401 2357 507 2438 Neque
526 2359 604 2417 enim
624 2358 792 2418 domesticae
811 2358 889 2431 vitm,
904 2357 941 2416 cd
960 2377 1044 2436 quom

140 2459 283 2520 hodierno
303 2466 436 2542 tempore
459 2483 477 2522 u
499 2463 629 2542 negotiis
650 2469 681 2522 et
701 2463 829 2523 tumultu
849 2469 991 2542 tunquam
1013 2462 1046 2520 in

140 2564 306 2644 perfugium
321 2583 353 2625 se
366 2567 497 2646 recipcre
516 2570 604 2628 moris
623 2579 678 2643 cst,
692 2570 844 2649 quisquam
863 2567 970 2646 gaudio
982 2573 1046 2626 tum

140 2669 280 2741 curubct3
301 2669 487 2730 foeminarum
502 2674 580 2732 enim
599 2674 680 2733 nullc
698 2675 776 2734 ratio
793 2673 968 2743 habebatur,
982 2692 1046 2750 qum

142 2773 230 2832 etium
246 2773 411 2832 dubitatum
426 2796 465 2835 on
478 2777 510 2835 in
523 2778 672 2837 hominum
687 2799 781 2858 genus
800 2777 962 2838 referende
976 2775 1045 2847 sint,

143 2893 180 2932 sn
197 2875 317 2935 virtutis
335 2883 387 2936 out
408 2879 539 2940 scientim
553 2902 692 2962 capuces:
714 2901 808 2962 neque
822 2901 892 2940 vero
905 2880 938 2938 in
951 2877 1048 2938 civilio

144 2979 341 3039 Ecclesismm
350 2988 401 3041 cut
412 2984 588 3063 judiciorum
602 3007 723 3047 munera
734 2987 839 3047 divites
854 3005 885 3045 se
899 2983 1047 3063 recepturi

143 3089 245 3155 erunt3
265 3084 417 3164 inquibus
435 3108 574 3150 numerus
591 3091 777 3170 prohibebat,
791 3089 947 3170 quominus
965 3088 1047 3166 inge·

142 3192 193 3252 nio
211 3198 264 3252 cut
282 3192 385 3252 ordine
400 3195 464 3273 quis
479 3197 601 3256 multum
615 3200 736 3273 vaderet,
750 3219 806 3258 nec
824 3197 968 3257 tumultus
985 3201 1047 3254 tum

143 3299 231 3360 cultis
251 3304 370 3379 tamque
383 3301 516 3359 venustis
536 3303 680 3381 placebat.
722 3303 772 3363 Ad
792 3303 885 3362 otium
905 3300 998 3380 igitur
1016 3304 1048 3360 ot

143 3411 222 3464 ortes
250 3404 470 3483 confugiebant.
513 3405 687 3486 Indigentes
714 3427 792 3480 vero,
820 3425 983 3486 quanquam
1003 3401 1048 3459 ·bi

143 3509 259 3590 quidem
272 3515 395 3590 propter
409 3511 514 3572 ooelum
528 3517 559 3572 et
574 3533 657 3572 usum
674 3512 794 3572 minimo
808 3511 887 3571 victu
902 3506 1047 3579 contenti,

587 3635 608 3675 D
