2470 4046
575 210 606 270 5.

129 395 265 436 severum
276 375 388 456 stylum
401 379 585 446 creaverrmt
595 378 665 454 post
678 371 889 452 elegantiorem
902 372 1032 432 ornatio-

127 498 250 560 remque
264 479 412 540 Ionicum.
454 478 558 538 Romae
570 477 631 537 fuit
647 477 752 539 Gracc
764 476 885 552 imitari,
924 477 1033 555 Itaque

129 584 282 642 Romcms
296 582 393 664 stylus
405 582 507 642 nullus
520 581 596 642 uit:
617 602 673 642 nec
686 582 801 642 Tuscus
813 581 864 641 ille
877 581 1032 662 quicquam

127 685 220 761 aliud,
236 707 323 767 quam
341 687 499 767 majestate
517 686 639 748 orbatus
653 687 807 748 Doricum.
838 685 923 746 Adeo
936 705 975 745 ne
988 704 1033 744 re·

128 789 227 870 cipere
241 789 360 870 quidem
379 790 490 851 alienas
508 796 588 850 artes
606 791 751 850 Italorum
771 790 838 851 fuit.
870 791 916 850 De
928 790 966 850 iis
979 789 1033 868 igi-

127 899 189 968 tur,
203 914 268 974 quae
281 893 314 954 in
327 893 422 954 forma
442 895 505 954 sitae
527 904 606 970 sunt,
620 895 734 955 artibus
752 894 828 954 nihil
846 893 927 954 ultra
942 893 1033 954 ambi·

128 999 276 1080 gendum:
309 999 381 1078 quid
404 999 441 1059 de
463 999 509 1074 iis,
530 1021 655 1080 quarum
674 999 849 1060 inauribus
870 997 1033 1060 mensura?

128 1104 312 1165 harmoniam
333 1104 398 1164 dico
419 1109 450 1163 et
470 1104 582 1185 poesin.
624 1105 694 1164 Jam
715 1104 905 1165 devotorum
921 1103 1035 1164 musica

128 1229 235 1288 parum
251 1213 379 1281 constat,
393 1229 449 1268 nec
469 1209 580 1269 eaedem
598 1209 738 1270 videntur
754 1188 821 1268 tum
841 1207 970 1288 cognitae
988 1207 1034 1268 fu·

129 1312 199 1386 isse,
213 1333 279 1392 quae
299 1332 389 1387 nunc,
406 1312 566 1373 harmonia
584 1313 682 1392 leges:
703 1318 736 1374 at
755 1312 920 1392 accepimus
940 1311 973 1370 in
992 1311 1034 1370 fa·

129 1415 209 1475 bulis
230 1416 361 1495 agendis,
375 1422 408 1476 et
426 1417 460 1476 in
480 1417 570 1477 sacris
590 1418 706 1497 pompis
726 1417 869 1476 musicam
886 1437 905 1476 a
922 1415 1035 1476 Graecis

132 1519 305 1594 adhibitam,
325 1541 443 1582 necnon
462 1522 645 1602 permultum
669 1521 809 1601 dignitati
832 1541 933 1582 carum
953 1519 1034 1580 addi-

131 1624 228 1697 disse;
258 1629 290 1686 at
310 1625 455 1686 traditum
474 1646 528 1705 per
547 1626 607 1685 tria
627 1631 822 1707 systematum
843 1645 961 1705 genera,
981 1644 1036 1704 per

129 1728 297 1809 complures
320 1729 433 1804 modos,
455 1751 509 1790 seu
527 1738 626 1797 τόνους,
651 1751 724 1810 quos
744 1730 898 1803 vocabant,
921 1729 996 1788 flexa
1018 1749 1037 1788 a

130 1834 242 1894 Graecis
256 1834 388 1894 carmina
404 1833 506 1908 fuisse,
521 1834 563 1894 sic
582 1839 619 1895 ut
639 1835 712 1895 alios
733 1835 824 1894 animi
843 1835 968 1896 affectius
985 1833 1036 1893 alii

130 1938 212 1997 modi
232 1938 443 2017 significarent,
457 1959 610 1999 maerorem
630 1939 846 2020 Mino-Lydius
866 1943 898 1998 et
919 1939 1035 2018 Hyper-

133 2038 257 2117 Lydius,
274 2039 407 2098 convivia
426 2039 541 2120 Lydius
561 2045 593 2100 et
614 2041 745 2116 Ionicus,
764 2041 877 2102 bellum
897 2041 1035 2114 Doricus,

132 2141 382 2220 tranquillitatem
410 2143 580 2225 Phrygiusf.
623 2144 723 2220 Quare
749 2165 811 2204 non
839 2143 1036 2204 dubitandum

135 2245 209 2324 quin
228 2244 261 2304 in
281 2244 446 2306 liberalium
465 2268 624 2308 numerum
644 2269 692 2308 ars
709 2247 869 2308 harmonice
888 2268 905 2308 a
923 2249 1036 2310 Graecis

132 2349 324 2429 reciperetur.
366 2351 428 2412 Hic
448 2361 556 2426 autem,
579 2352 657 2412 sicut
676 2352 709 2411 in
728 2352 858 2432 reliquis,
875 2352 973 2414 Graeci
991 2353 1036 2412 in·

132 2455 242 2528 venire,
256 2455 383 2514 Romani
396 2461 516 2516 tantum
530 2457 641 2517 imitari
653 2456 722 2518 luit.
744 2457 795 2517 Ad
807 2458 912 2538 poesin
925 2478 1035 2518 eamus.

135 2559 216 2636 Quid
228 2559 314 2620 haec?
334 2560 452 2622 nullum
470 2583 509 2622 ne
527 2562 670 2622 honorem
684 2563 830 2642 Virgilius
844 2569 897 2624 aut
911 2565 1036 2626 Flaccus

133 2663 310 2724 merentur?
331 2685 371 2724 an
384 2685 473 2744 quam
487 2685 598 2739 eorum,
609 2666 660 2746 qui
673 2667 728 2726 hos
742 2667 837 2726 secuti
851 2673 931 2742 sunt,
946 2669 967 2728 J
969 2689 1037 2728 uve·

133 2767 217 2839 nalis,
234 2767 367 2842 Ovidius,
387 2769 615 2842 caroluscum
633 2771 758 2831 aliorum
777 2771 934 2832 innumera
953 2793 1037 2852 paene

134 2871 334 2945 multitudine,
348 2877 450 2951 potest
472 2873 520 2934 vel
542 2873 657 2934 Graecia
675 2874 815 2954 majorem
838 2875 957 2934 turbam
976 2876 1037 2955 jac-

133 2974 222 3035 tare?
264 2975 338 3050 Quae
360 2976 385 3036 si
405 2976 471 3056 quis
491 2977 696 3056 reprehendet,
717 2983 748 3037 at
771 2998 833 3038 non
856 2976 893 3037 de
913 2999 1037 3040 numero

134 3097 223 3149 nunc,
239 3099 295 3138 nec
315 3079 494 3155 nominibus,
515 3080 568 3142 sed
589 3079 626 3140 de
645 3081 763 3160 ingenis
783 3102 864 3142 nunc
885 3083 1036 3162 quaritur.

133 3182 216 3242 Ante
229 3183 400 3244 Graecorum
418 3188 518 3244 autem
536 3183 689 3244 infinitum
706 3185 789 3244 illum
803 3191 958 3266 poetarum
971 3187 1036 3248 the-

135 3305 255 3346 saurum
275 3285 419 3346 Romanis
438 3287 628 3367 patefactum,
643 3289 743 3368 ecquis
761 3310 892 3369 unquam
911 3310 973 3350 non
993 3291 1036 3352 di·

136 3409 200 3449 cam
214 3390 401 3470 pertinacis,
416 3391 468 3452 sed
486 3393 607 3454 omnino
627 3393 744 3454 exstitit
759 3393 872 3474 poeta?
912 3395 944 3454 N
946 3397 1037 3458 aenias

199 3526 209 3550 ‘
228 3520 342 3570 Mllller’s
354 3521 461 3571 Aurient
472 3523 528 3572 Aa.
707 3521 715 3554 ¹
731 3524 792 3572 Plat.
805 3524 876 3588 Rep,
886 3525 919 3574 iii.
935 3529 971 3575 10.
