2470 4046
572 239 610 297 47

143 394 231 466 enim,
247 394 325 455 sicut
337 394 474 468 hominis,
488 394 550 454 vita
567 395 600 454 in
617 400 679 455 tres
693 393 877 475 potissimum
890 400 990 475 partes
1005 393 1046 453 di-

142 499 262 560 viditur.
306 499 436 575 Quarum
457 498 552 579 prima
572 500 653 559 rudis
677 505 724 558 est
751 504 782 558 et
803 499 932 578 puerilis.
975 497 1047 574 Quae

144 603 229 684 quasi
251 603 392 684 juventus
422 603 544 664 Graeciae
572 605 604 663 in
632 604 781 664 Persicum
807 601 916 662 bellum
940 602 1046 662 desiit:

144 706 234 781 unde,
249 707 326 767 sicut
344 728 381 768 ex
399 713 525 784 ἐφηβείας
543 709 653 788 singuli
672 709 758 782 cives,
777 707 900 767 firmatis
918 707 1048 787 corporis

146 813 293 892 animique
306 811 417 872 viribus
436 813 468 871 in
486 812 600 872 virilem
620 817 737 872 atatem
758 812 907 872 successit.
949 814 1049 871 Romae

144 917 243 977 minus
257 917 346 978 certis
367 917 453 976 annis
473 918 587 977 inclusa
606 917 734 997 pueritia
753 917 789 976 dc
813 917 850 976 iis
868 915 1049 996 temporibus

146 1029 194 1083 est
212 1023 406 1104 praedicanda,
425 1023 581 1102 inquibus
600 1044 660 1083 una
677 1044 694 1082 e
713 1023 813 1082 multis
832 1023 952 1103 paribus
970 1021 1050 1080 inter

148 1151 180 1190 se
202 1131 350 1210 gentibus,
365 1129 477 1197 Tuscis,
493 1128 618 1202 Sabinis,
638 1129 751 1207 AEquis,
770 1129 896 1197 Volscis,
915 1148 969 1208 pro
989 1125 1051 1186 vita

147 1255 210 1296 non
229 1233 351 1314 imperio
370 1233 440 1293 urbs
455 1233 606 1304 certabat;
627 1232 674 1292 cui
695 1231 837 1292 successit
855 1231 947 1291 virilis
966 1237 1049 1305 aetas,

149 1360 206 1421 qua
231 1339 362 1412 ineunte,
387 1338 492 1411 Italiae,
516 1343 640 1407 matura,
664 1337 744 1397 orbis
767 1343 912 1396 terrarum
935 1337 1052 1397 domina

148 1443 324 1522 respublica,
339 1442 503 1516 desinente,
522 1462 662 1501 corruens
680 1441 768 1501 nimis
788 1447 910 1502 extento
931 1462 1052 1522 corpore

149 1557 180 1607 et
192 1547 326 1606 laborum
339 1545 418 1606 fessa
432 1545 520 1604 unius
539 1545 665 1605 hominis
684 1546 808 1605 tutelam
821 1546 917 1606 libens
931 1546 988 1606 sibi
1001 1547 1051 1604 im-

150 1651 267 1731 posuit:
301 1651 372 1710 inde
396 1650 466 1709 luxu
486 1655 518 1710 et
538 1650 715 1730 impotentia
736 1652 917 1711 senescebat.
958 1651 1052 1710 Athe·

150 1777 255 1816 narum
276 1761 391 1814 matura
410 1761 480 1815 aetas
499 1776 517 1814 a
535 1755 628 1815 Medo
649 1755 686 1814 ad
700 1755 895 1816 Macedonem
912 1755 1052 1828 durabat;

150 1869 255 1942 postea
267 1861 405 1920 libertate
419 1860 567 1919 exstincta
580 1861 650 1920 urbs
670 1865 822 1920 senectute
835 1861 1053 1940 languescebat.

153 1963 308 2045 Proprium
329 1983 398 2022 vero
418 1963 570 2041 ingenium
591 1964 713 2042 quisquc
732 1964 810 2023 virili
830 1970 917 2025 atate
937 1965 1053 2045 prodit:

155 2067 186 2126 id
198 2067 276 2146 quod
289 2069 382 2126 Roma
401 2067 434 2124 in
452 2066 530 2125 bello
549 2072 580 2124 et
598 2067 721 2145 legibus,
735 2067 863 2126 Athena
884 2087 949 2127 cum
967 2067 1054 2126 armis

156 2177 235 2231 terra
258 2171 387 2251 marique
414 2169 490 2230 bene
518 2171 610 2249 gestis
639 2176 702 2230 arte
729 2192 765 2259 ac
789 2171 883 2230 literis
910 2172 1053 2230 fecerunt.

159 2275 246 2337 Unde
260 2275 418 2347 usuvenit,
433 2279 467 2333 ut
488 2275 607 2354 optimis
626 2275 729 2334 harum
749 2275 886 2356 operibus
903 2275 976 2334 insit
996 2275 1055 2335 exi·

156 2380 214 2440 mia
226 2379 357 2460 quadam
371 2380 431 2438 vita
444 2384 476 2438 et
489 2379 593 2438 virium
606 2378 727 2457 effigies,
737 2399 792 2438 nec
805 2378 892 2438 nimis
905 2378 1056 2438 laboriosae

156 2484 256 2544 forma
270 2484 410 2561 languor:
433 2505 497 2543 cum
512 2483 712 2543 vetustissima
724 2483 845 2563 puerilis
860 2484 956 2544 aetatis
968 2505 1057 2563 opera

157 2587 282 2667 simplici
296 2587 469 2647 austeritate
482 2588 592 2666 rigent,
611 2587 768 2646 novissima
786 2588 968 2648 senescentis
986 2588 1056 2648 mol-

156 2693 230 2752 liore
254 2691 401 2771 elegantia
424 2692 607 2771 majestatem
629 2697 825 2751 mutaverunt.
867 2694 967 2766 Roma,
991 2714 1057 2772 prc-

160 2800 244 2853 veota
257 2801 353 2866 aetatc,
368 2796 499 2855 novitate
512 2796 611 2874 potius
629 2804 715 2875 capta
727 2817 813 2876 quem
827 2817 923 2856 amore
937 2797 1059 2857 incensa

161 2893 199 2952 ad
220 2903 298 2953 artes
320 2895 411 2954 serior
429 2897 561 2970 accessit,
576 2918 662 2977 quam
680 2904 714 2957 ut
733 2899 821 2959 vividi
835 2900 986 2980 quicquam
1007 2907 1058 2960 aut

162 2997 286 3057 animosi
306 3004 407 3077 posset
427 2999 549 3059 efficere.
592 3002 698 3082 Neque
721 3024 790 3064 vero
813 3004 988 3064 credendum
1012 3011 1059 3064 est

162 3101 207 3176 iis,
222 3102 272 3181 qui
291 3107 396 3182 pacata
415 3108 549 3182 tempora
569 3107 681 3166 artibus
701 3108 867 3168 necessaria
887 3129 951 3168 esse
970 3110 1058 3188 profi-

156 3211 273 3265 ¹tentur.
315 3207 377 3265 Pax
398 3206 475 3265 enim
499 3207 598 3266 luxum
620 3210 758 3270 desidiam
777 3217 808 3270 et
825 3212 898 3270 vitis
913 3213 988 3272 solet
1009 3232 1059 3293 pa-

163 3329 228 3369 rere
239 3336 245 3368 :
267 3332 329 3389 quae
345 3311 403 3369 arti
417 3310 615 3373 inimicissima
628 3321 707 3374 sunt.
749 3316 854 3396 Neque
867 3317 987 3397 reliquis
1000 3324 1060 3376 tor·

164 3415 314 3494 pentibus,
336 3420 415 3475 artes
437 3418 600 3496 expergisci
620 3421 733 3479 volunt.
776 3421 890 3500 Itaque,
912 3425 937 3481 si
956 3421 1060 3482 floren-

163 3519 291 3580 tissimas
312 3520 418 3580 artium
442 3526 544 3582 aetates
565 3523 836 3599 animadvertamus,
858 3527 985 3586 Athenis
1006 3529 1060 3586 sub
