2470 4046
580 212 620 270 58

153 378 293 434 strenuus
311 373 402 448 miles,
422 394 511 454 parvo
533 380 702 449 contentus,
720 373 829 435 laboris
849 375 975 455 patiens,
992 375 1050 434 uti-

151 479 223 538 lium
244 499 341 538 rerum
364 479 493 558 optimus
514 480 660 554 inventor,
683 480 735 541 sed
756 481 841 562 cujus
862 485 942 540 artes
964 487 1050 540 erant

150 583 261 644 bellum
285 589 317 643 et
340 583 504 664 imperium.
555 585 607 646 Ad
630 585 783 665 ingenium
806 585 900 664 igitur
922 584 1049 666 priorem

149 690 229 750 illum
243 711 396 752 causarum
410 697 524 772 partem
538 693 725 767 rettulimus3
745 693 897 772 ingenium
906 713 975 752 vero
988 713 1050 752 non

150 815 187 856 ex
200 795 289 856 rebus
303 796 434 856 externis
455 801 551 856 totum
565 798 702 877 pendere,
717 797 770 858 sed
790 817 896 877 magna
909 817 944 858 ex
965 804 1050 877 parto

149 905 258 960 natura
278 900 409 974 innesci;
440 922 496 962 nec
519 907 586 961 tam'
602 902 753 982 religione,
776 901 867 982 poesi,
890 901 1049 972 institutis,

149 1004 280 1066 moribus
293 1005 420 1080 formari,
435 1027 521 1085 quam
534 1007 630 1087 ipsum
643 1007 701 1068 ista
713 1007 838 1068 formare
852 1007 1047 1086 exposuimus.

150 1109 315 1170 Secundam
330 1111 456 1190 denique
471 1131 624 1172 causarum
637 1117 760 1192 partem,
775 1133 839 1192 quie
857 1113 889 1172 in
907 1113 973 1192 ipsa
986 1118 1049 1172 arte

148 1214 349 1288 continentur,
363 1215 396 1274 in
416 1216 545 1296 quinque
566 1216 663 1296 capita
683 1216 841 1290 divisimus,
861 1216 959 1290 finem,
980 1223 1049 1277 aeta·

148 1325 219 1389 tem,
241 1319 394 1394 rationem,
416 1341 472 1394 rer,
494 1321 634 1381 homines.
676 1321 781 1380 Finem
802 1327 901 1382 autern
923 1321 1049 1382 Atheni·

147 1444 234 1484 enses
248 1424 373 1485 diximus
388 1425 444 1485 sibi
462 1425 712 1506 pulchritudinem
732 1426 928 1507 proposuisse,
942 1427 1048 1486 Roma-

146 1549 202 1588 nos
223 1529 434 1590 imitationem:
464 1531 542 1590 unde
565 1531 609 1590 illi
630 1551 768 1611 superare
790 1537 935 1605 naturam,
956 1531 989 1590 hi
1008 1553 1047 1592 ne

146 1653 263 1713 aequure
287 1633 404 1714 quidem
427 1641 576 1715 poterant.
619 1637 721 1696 AEtate
745 1637 947 1697 Athenienses
970 1636 1048 1696 virili

145 1739 193 1798 vel
214 1744 330 1798 matura
350 1739 480 1800 civitatis
494 1752 523 1801 et
545 1741 626 1801 inter
646 1741 717 1802 beili
739 1742 881 1816 ardorem,
895 1741 1046 1802 Romanos

146 1863 208 1902 non
228 1847 299 1903 ante
319 1849 501 1904 senectutem
521 1851 553 1906 et
572 1846 605 1905 in
624 1847 705 1926 pacis
727 1847 839 1908 desidia
858 1847 896 1907 ad
916 1853 995 1907 artes
1014 1867 1046 1908 se

146 1949 308 2029 recepisse:
328 1950 408 2010 unde
422 1950 480 2010 illis
493 1953 576 2030 vigor
590 1958 621 2011 et
634 1954 705 2027 vita,
718 1954 765 2013 his
779 1955 865 2013 nimis
879 1954 1045 2014 laboriosus

146 2051 270 2132 languor
283 2053 397 2114 accidit.
438 2053 596 2115 Rationem
618 2056 846 2118 Atheniensium
867 2057 967 2132 fuisse,
981 2079 1045 2138 spe·

148 2155 206 2216 cies
225 2157 323 2218 animo
347 2158 509 2238 concipere,
531 2158 584 2219 has
606 2159 712 2220 deinde
733 2161 894 2221 secundum
917 2162 1044 2241 reliques

148 2260 285 2323 scientias
307 2262 409 2322 formis
430 2262 571 2338 induere3
601 2265 800 2325 Romanorum
823 2265 935 2326 nullam
958 2266 1043 2326 uliam

144 2361 236 2426 fuisse
257 2366 323 2427 misi
347 2367 451 2428 Graeca
470 2367 595 2428 imitari:
616 2369 696 2429 unde
716 2369 774 2429 illis
795 2369 968 2450 proprietas,
990 2371 1043 2445 vis,

143 2469 271 2545 veritas;
291 2471 338 2531 his
352 2471 449 2532 inanis
463 2473 593 2552 quiedam
607 2473 758 2554 signorum
772 2473 943 2536 similitudo.
981 2477 1043 2536 Res

143 2573 345 2636 Athenienses
357 2576 500 2656 imprimis
514 2577 570 2637 sibi
584 2579 773 2659 proposuisse
787 2579 869 2640 Deos
880 2586 911 2640 et
924 2579 1040 2653 heroam

143 2678 224 2738 unde
241 2679 279 2740 ad
299 2681 438 2762 persectoe
459 2681 688 2761 pulchritudinis
702 2684 814 2764 species
836 2685 1042 2765 concipiendas

143 2781 353 2845 vertebantur:
382 2785 533 2847 Romanos
553 2787 586 2846 in
607 2788 773 2850 hominibus
793 2789 941 2870 praecipue
962 2790 1042 2852 labo·

145 2900 235 2941 rasse.
255 2885 394 2948 Artifices
402 2890 528 2970 denique
537 2891 666 2952 Athenis
677 2911 787 2967 ornnes,
801 2893 852 2972 qui
866 2893 1041 2956 eruditiores

144 2997 254 3066 esseut,
275 2991 383 3070 fuisse3
410 3000 490 3061 unde
512 3005 544 3060 et
566 2999 694 3060 artifices
716 3001 844 3061 scientes
858 3008 889 3062 et
907 3003 1040 3083 judicum

143 3115 284 3158 numerus
298 3099 355 3160 orti
376 3109 464 3164 sunt:
485 3103 586 3164 Romae
607 3104 639 3162 in
660 3103 794 3165 honestis
815 3105 947 3166 manibus
960 3111 1039 3167 artes

141 3221 293 3282 nunquam
307 3212 455 3285 spectatas
469 3229 533 3268 esse
547 3208 707 3268 docuimus.

182 3305 255 3384 Quae
269 3309 386 3386 quidem
402 3331 505 3386 causae,
520 3318 554 3371 ut
570 3313 640 3371 mihi
660 3311 956 3394 videtur,proh1hent
970 3338 1039 3395 quo-

140 3411 237 3470 minus
258 3414 323 3488 quis
347 3411 513 3487 admiretur,
534 3417 558 3473 si
579 3417 610 3474 in
631 3415 736 3474 uitium
755 3415 914 3477 liberuium
936 3421 1040 3481 studiis

141 3513 269 3574 Athenoe
283 3517 405 3576 Romam
420 3525 638 3597 superaverunt.
674 3519 761 3598 Quod
775 3523 875 3600 siquis
889 3527 1039 3604 utriusque
