2470 4046
628 269 667 327 30

239 430 297 492 Sed
310 432 447 512 quiequid
464 433 496 492 id
513 431 561 505 sit,
576 432 654 513 quod
671 451 718 491 res
736 431 872 511 pulchras
886 429 967 504 facit,
981 427 1105 490 constat

198 524 263 594 eise
276 556 332 608 res,
344 556 415 616 qiras
429 536 535 596 eruditi
550 556 652 596 omnes
662 535 800 616 pulchras
814 534 992 594 existiment.
1023 532 1106 608 Quas

197 643 298 698 tamen
314 639 388 700 alios
407 640 472 700 aliis
492 639 586 700 multo
605 640 700 719 magis
720 644 849 700 movent.
892 639 973 716 Quid
992 635 1104 698 enim?

197 742 230 802 in
241 743 361 802 Musica
374 743 424 804 alii
437 743 567 804 carmina
579 744 734 804 audientes
747 744 819 804 adeo
832 744 891 805 fixa
903 743 1017 803 aurium
1030 763 1104 804 eon-

196 846 334 906 tantione
353 847 513 908 harmonia
534 847 736 922 immorantur,
756 853 790 907 ut
809 848 937 908 omnium
956 853 1105 930 praeterea

198 945 424 1018 obliviscantur3
444 947 495 1007 alii
508 947 792 1008 carmenaoarmine
802 947 923 1008 omnino
933 947 1103 1006 discernere

196 1059 357 1130 nequeunt.
391 1052 431 1110 In
445 1052 565 1112 Pictura
578 1057 676 1112 autem
689 1051 761 1112 alios
775 1050 937 1112 admirabili
950 1049 1103 1111 oculorum

198 1157 394 1216 delectatione
421 1156 536 1218 detinet
562 1155 720 1216 formarum
746 1153 944 1235 pulchritudo,
968 1153 1103 1213 colorum

197 1261 324 1322 varietas
337 1261 370 1320 in
383 1281 475 1320 unum
492 1261 645 1320 harmonia
658 1260 819 1333 commista,
832 1259 935 1338 iigurae
953 1257 991 1319 ad
1008 1257 1102 1317 actio-

197 1385 268 1426 nem
289 1365 512 1446 significandam
530 1365 697 1438 collocatae3
726 1363 832 1444 quibus
852 1361 993 1424 rusticius
1011 1362 1102 1442 pictae

197 1469 305 1530 tabulae
319 1490 389 1530 vera
401 1471 564 1530 offensione
583 1469 757 1549 displicent:
780 1467 830 1528 alii
849 1466 971 1548 pulchra
989 1486 1023 1526 ac
1037 1471 1101 1526 tur·

196 1574 247 1654 pia
268 1574 382 1636 immoti
408 1575 581 1655 dijudicant.
622 1574 663 1634 Et
686 1573 719 1632 in
742 1572 861 1651 reliquis
889 1570 978 1632 simili
1003 1569 1099 1630 modo.

199 1675 334 1752 Quarum
353 1697 451 1738 rerum
471 1677 656 1738 diversitates
676 1677 726 1756 qui
746 1697 808 1736 nou
827 1676 885 1756 ipsi
906 1682 1013 1736 natura
1033 1695 1101 1736 sen·

197 1781 287 1854 tiunt‚
301 1781 467 1861 intelligere
481 1802 516 1842 ea
529 1803 584 1842 usu
602 1781 761 1842 atratinus
775 1781 898 1855 discant,
912 1780 1024 1840 sentire
1037 1800 1099 1840 non

198 1885 322 1946 discant.
364 1887 482 1946 Natura
500 1885 578 1947 enim
600 1905 704 1946 sensus
722 1886 766 1960 fit,
784 1885 936 1964 augendus
955 1905 1025 1946 sane
1044 1905 1098 1944 usu
1218 1905 1219 1914 ¹

198 1996 229 2050 et
238 1991 393 2070 disciplina
401 1991 610 2066 informandus,
619 1991 785 2071 gignendus
795 1991 876 2052 nullo
888 1990 982 2051 modu.
1011 1989 1098 2067 Quod

196 2100 274 2160 idem
294 2100 330 2160 de
349 2099 492 2159 universis
509 2099 648 2178 gentibus
669 2120 723 2180 per
738 2099 871 2179 exempla
890 2097 976 2158 facile
992 2097 1097 2159 docen-

197 2207 274 2266 dum.
327 2204 486 2265 Germania
511 2225 593 2264 nuno
620 2204 786 2284 politiorem
816 2203 942 2289 Galliam
969 2202 1097 2262 omnium

197 2327 357 2369 consensus
363 2309 488 2390 judicat:
503 2314 535 2368 at
545 2309 577 2368 in
587 2309 637 2368 illa
647 2308 797 2368 nullafere
811 2329 858 2367 urs
872 2327 933 2366 non
943 2307 1097 2366 maximam

196 2414 312 2474 laudem
326 2419 484 2474 consecuta
497 2419 552 2487 est,
567 2420 602 2473 ut
615 2413 749 2473 videatur
763 2431 890 2472 canuno
904 2413 1021 2471 musicae
1036 2410 1098 2470 sola

196 2519 302 2599 patria,
326 2518 530 2578 architecturae
556 2517 674 2596 primas,
697 2537 820 2598 poeseos
847 2522 928 2576 certe
955 2516 1097 2576 secundus

194 2611 320 2698 tulisse;
339 2623 372 2682 in
385 2624 441 2684 hau
455 2643 502 2682 ars
514 2621 644 2682 liberalis
658 2621 777 2681 omnino
790 2621 872 2680 nulla
885 2621 975 2700 viget.
1010 2625 1096 2681 Ame-

198 2731 259 2791 rioa
269 2737 379 2810 quanto
391 2727 518 2809 strepitu
532 2727 589 2788 sibi
598 2728 723 2808 palmam
732 2727 938 2806 intelligentias
948 2728 1096 2788 vindicat!
1163 2759 1165 2765 ·

199 2839 231 2893 et
245 2840 323 2892 artes
337 2832 378 2892 ibi
396 2831 527 2892 nondum
544 2830 688 2890 habitant.
732 2829 838 2906 Quid?
858 2849 919 2890 non
937 2831 1021 2891 deest
1035 2851 1097 2891 eru·

200 2937 283 3012 ditio,
295 2957 357 2996 non
370 2936 477 2996 desunt
490 2933 694 2994 institutorum
708 2939 759 2994 aut
772 2934 901 3013 regionis
915 2934 1098 3014 adjumenta;

199 3042 283 3102 deest
296 3061 365 3102 nera
378 3061 412 3100 ac
425 3039 539 3100 sincera
551 3039 778 3119 pulchritudinis
793 3040 914 3120 species.

241 3145 329 3222 Quod
349 3143 435 3218 idem,
456 3147 490 3203 ut
510 3143 582 3204 mihi
608 3143 724 3222 quidem
748 3142 873 3216 videtur,
895 3141 1097 3202 Romanuma

199 3255 302 3312 Graeco
328 3249 472 3330 imprimis
498 3249 608 3319 divisit,
636 3253 739 3328 estque
766 3267 869 3321 cause,
896 3267 949 3308 cur
977 3249 1095 3309 Graeaiae

199 3359 295 3420 Roma
317 3362 397 3416 artes
418 3376 485 3416 suas
508 3355 659 3435 adaequare
685 3373 834 3432 nunquam
857 3353 996 3433 potuerit.
1037 3353 1095 3414 Ro-

199 3463 293 3522 manis
311 3460 405 3522 defuit
419 3460 518 3520 divina
531 3459 582 3520 illa
596 3457 709 3539 pulchri
722 3457 827 3536 imago,
842 3479 905 3538 quaa
919 3458 1016 3518 animo
1029 3457 1096 3518 arti·

199 3566 262 3626 ficis
276 3565 367 3626 insita
387 3563 426 3625 sit
443 3583 564 3626 neeesse
582 3567 638 3638 est,
653 3573 686 3622 ut
704 3561 742 3623 ad
757 3563 869 3643 justam
890 3561 1016 3642 speciem
1034 3582 1095 3642 per·
