2470 4046
655 211 695 270 36

379 386 402 438 εἶ
415 387 460 442 τάς
474 385 498 458 γ’
514 385 622 456 Ἀθήνας
636 387 705 457 φασὶ
721 384 929 449 θεοσεβεστότας

381 477 453 542 εἶναι,
469 484 547 550 μόνας
561 483 588 536 δὲ
602 485 647 536 τὸν
661 480 815 550 susciperer
828 480 902 547 ξένον

378 581 471 646 σώζειν
482 577 538 636 ,οἵας
552 601 580 634 τε
595 580 635 633 καὶ
648 579 726 646 μόνας
740 577 827 648 ἀρκεῖν
840 578 909 646 ἔχειν
917 597 925 636 ,·

220 786 252 841 et
272 785 553 856 δεισιδαιμονεστέρους
572 799 623 838 cos
632 777 836 859 'appellantem
851 776 880 835 S.
893 773 1028 835 Paullum
1043 791 1130 830 aece-

219 883 326 963 pimus.
370 880 464 960 Cujus
486 887 661 960 argumenta
687 901 802 961 quoque
829 879 971 940 habemus
994 875 1129 936 Socratis

216 991 349 1058 mortem,
364 985 537 1066 AEschylum
557 990 589 1044 et
602 984 775 1064 Euripidem
791 983 954 1063 impietatis
977 999 1044 1040 reos
1063 979 1127 1038 fao-

217 1096 276 1162 tos,
298 1088 480 1148 Alcibiadem
500 1094 623 1168 propter
640 1089 762 1168 vulgata
781 1087 923 1167 mysteria
944 1085 1129 1155 damnatum,

218 1215 285 1255 eum
305 1197 390 1253 tanto
410 1192 462 1252 illo
481 1197 604 1272 propter
618 1193 767 1254 mutilatos
782 1193 909 1252 Hermas
927 1195 1010 1250 metu
1029 1192 1061 1247 et
1074 1193 1128 1247 tu·

219 1297 325 1371 multu,
347 1302 378 1356 et
395 1296 522 1377 plurima
542 1297 588 1356 his
613 1297 726 1356 similia.
767 1295 894 1367 Deinde,
916 1294 954 1354 ad
973 1293 1130 1353 Romanos

221 1409 311 1476 certe,
326 1401 595 1462 clementes—nam
616 1401 733 1462 etiamsi
749 1401 817 1482 jure
838 1406 983 1477 ἀκρόχολον
996 1398 1129 1457 Demum

220 1507 435 1586 Aristophanes
450 1505 614 1586 descripsit,
628 1511 727 1565 tamen
741 1505 778 1565 ad
792 1503 993 1584 deponendam
1008 1521 1130 1582 quoquc

219 1608 292 1668 iram
305 1607 389 1667 velox
402 1607 478 1667 fuit:
500 1609 665 1688 exemplum
678 1613 725 1668 est
739 1629 838 1668 eorum
853 1627 923 1688 erga
933 1607 1131 1688 Mitylenaeos

219 1710 252 1769 in
264 1709 492 1770 misericordiam
505 1731 590 1770 versa
602 1711 768 1790 indignatio
781 1737 787 1770 :
808 1732 873 1785 nec,
887 1716 923 1770 ut
941 1716 1007 1770 tum
1028 1729 1130 1768 mores

220 1819 315 1887 erant,
336 1813 491 1893 quicquam
514 1814 655 1876 inbellis
679 1836 729 1875 eos
751 1815 831 1876 ultra
854 1815 972 1875 modurn
997 1813 1130 1872 saeviisse

219 1918 379 1990 traditum
399 1918 558 1994 Romanos,
578 1919 756 2000 expugnatis
779 1920 912 1994 urbibus,
934 1918 1043 1980 caedem
1065 1938 1129 1977 om-

219 2023 303 2083 nium
324 2023 483 2097 miscuisse,
502 2025 585 2085 nulla
604 2026 758 2085 mulierum
779 2025 937 2086 infantium
956 2045 995 2084 ne
1015 2024 1129 2083 anima-

218 2129 292 2191 lium
312 2127 428 2207 quidem
449 2128 654 2204 miseratione,
677 2131 799 2191 Graeciae
813 2150 881 2190 cum
894 2130 965 2190 viris
978 2129 1128 2190 bellatum

218 2234 392 2294 invenimus.
433 2235 533 2295 Tertio
554 2235 662 2296 hilares
684 2235 885 2296 Athenienses
907 2240 992 2294 erant
1014 2239 1046 2293 et
1070 2233 1124 2293 ob-

218 2340 406 2400 lectamentis
420 2339 529 2400 dediti:
551 2341 603 2401 sed
615 2341 662 2410 iis,
671 2361 736 2420 quae
746 2346 935 2400 venustatem
949 2346 981 2400 et
993 2340 1128 2421 leporem

219 2446 373 2520 haberent,
398 2451 430 2506 et
455 2446 488 2506 in
513 2447 622 2506 mentis
649 2446 848 2507 oblectatione
874 2447 976 2526 potius
1003 2453 1127 2522 essent3

219 2548 289 2608 hino
302 2553 446 2609 ἀνάπαυλαι
463 2549 538 2619 istae,
552 2549 622 2610 hinc
641 2549 700 2609 iste
721 2569 815 2610 seenae
833 2555 896 2610 tam
913 2549 1127 2612 immoderatus

219 2676 309 2728 amor,
332 2655 382 2735 qui
405 2655 437 2714 in
458 2655 608 2716 theatrum
632 2675 734 2714 omnes
755 2655 826 2715 belli
849 2661 1008 2736 apparatus
1035 2655 1127 2715 vellet

219 2760 381 2835 absumere,
401 2760 471 2820 hinc
495 2766 621 2820 venusta
643 2761 695 2820 illa
718 2760 799 2820 inter
818 2759 978 2820 bibendum
1003 2760 1126 2832 scholia,

218 2865 288 2926 hinc
309 2865 428 2944 propria
447 2865 498 2924 illa
517 2865 746 2925 Atheniensium
768 2871 932 2952 εὐτραπελία.
976 2866 1124 2942 Quartum

219 2969 342 3038 accedit,
356 2970 436 3050 quod
454 2970 487 3030 in
507 2972 623 3051 culpam
639 2971 809 3032 Corinthios
831 2972 867 3032 de
880 2973 917 3032 iis
930 2973 1125 3052 praedicantes

220 3075 406 3156 Thucydides
429 3075 510 3150 fecit,
532 3085 562 3150 τὸ
583 3085 785 3150 νεωτοροποιεῖν.
827 3077 916 3154 Quod
942 3099 1004 3138 non
1031 3079 1068 3138 de
1091 3099 1124 3138 re

220 3179 297 3239 civili
309 3179 407 3239 verius
422 3185 477 3250 est,
492 3201 579 3260 quam
598 3181 634 3241 de
651 3182 697 3254 iis,
712 3203 777 3260 quae
791 3182 828 3242 ad
841 3188 970 3242 mentem
985 3188 1016 3242 et
1028 3183 1123 3262 philo-

219 3283 352 3363 sophiam
369 3283 542 3344 referuntur
565 3285 737 3366 disciplinae.
782 3287 1025 3362 Quamvis'enim
1046 3289 1123 3348 anti-

219 3387 342 3466 quitatis
362 3388 490 3448 cultores
510 3389 584 3449 adeo
603 3389 735 3464 fuerunt,
749 3397 785 3450 ut
803 3396 958 3469 αὐτόχθονας
980 3413 1044 3452 esse
1061 3414 1122 3473 prae

218 3491 339 3570 reliquis
348 3491 488 3552 laudibus
500 3493 563 3553 sere
577 3495 713 3556 omnibus
726 3502 881 3575 ponerent,
891 3502 922 3556 at
935 3497 1122 3557 novissimam
