2470 4046
574 255 594 312 9

134 411 230 468 tutem
243 409 391 487 tribuunt,
405 412 485 474 unde
498 419 578 475 artes
596 435 699 475 eorum
716 421 801 476 nates
815 437 880 477 esse
893 416 1038 478 arbitren-

134 516 195 573 tur.
232 513 293 591 Qui
306 516 424 596 quidem
444 539 546 579 omnes
560 519 705 580 haetenus
717 539 786 581 vere
800 521 945 596 sentiunt,
959 519 1039 600 quod

134 638 285 680 consensu
298 621 434 682 'omnium
452 623 497 684 ite
512 645 568 684 nos
588 645 607 684 e
623 629 731 686 nature
748 625 907 686 constituti
925 645 1037 692 sumus,

133 727 171 784 ut
189 725 279 786 rebus
298 727 428 788 externis
448 749 628 809 magnopere
649 750 835 805 moveamur3
855 734 887 790 et
906 730 1038 790 locorum

134 826 357 891 diversitatibus
382 831 496 892 diverso
521 834 695 914 plerumque
718 833 895 916 populorum
919 831 1040 912 ingenie

133 933 337 1012 respondent:
358 935 556 1018 undecunque
570 937 602 998 id
614 939 658 1013 fit,
669 943 771 998 utrum
785 959 821 998 ex
831 937 897 1018 ipss
905 937 1039 998 locorum

133 1039 164 1098 vi
178 1047 268 1122 etque
281 1049 414 1124 aspectu,
429 1065 468 1106 en
485 1053 609 1127 propter
622 1048 694 1108 elios
708 1047 804 1109 vietus
818 1052 850 1108 et
863 1068 959 1108 mores
973 1047 1038 1106 eliis

133 1144 207 1206 loeis
231 1149 476 1211 accommodatos.
519 1151 609 1228 Quod
631 1157 734 1214 temen
756 1173 812 1213 nee
839 1154 875 1213 de
899 1151 1038 1212 universo

134 1269 244 1328 genere
263 1273 380 1333 semper
396 1253 523 1331 obtinet,
541 1257 649 1318 necin
665 1257 750 1317 finite
769 1257 824 1318 hee
838 1261 942 1316 nostra
961 1277 1038 1336 quae·

134 1353 232 1415 stione
244 1357 342 1418 locum
356 1359 454 1420 hebet.
498 1360 578 1438 Quid
592 1361 695 1422 enim?
716 1361 741 1421 si
754 1366 877 1442 propter
886 1361 1038 1440 regionem

74 1517 79 1528 ,
138 1457 235 1520 Graeei
250 1461 394 1524 Romanis
414 1465 581 1546 superiores
600 1471 766 1540 evssenmt,
780 1485 901 1526 neeesse
914 1469 961 1524 est
975 1463 1038 1522 Ita·

135 1562 206 1623 lium
229 1586 333 1646 perum
355 1569 414 1629 arti
435 1569 600 1632 convenire.
645 1570 732 1646 Quod
752 1570 825 1630 edeo
845 1590 907 1630 non
927 1573 982 1643 est,
1002 1573 1039 1628 ut

134 1667 277 1732 hodierno
300 1678 443 1753 tempore,
467 1673 519 1754 qui
540 1674 691 1735 statuerim
719 1695 751 1735 se
778 1680 831 1736 eut
851 1675 975 1755 picture
1002 1694 1039 1736 ex

133 1773 320 1836 nostratibus
348 1775 494 1847 dederint,
517 1777 702 1858 aliquantum
724 1779 867 1860 temporis
890 1779 923 1839 in
949 1779 1040 1839 Italis

133 1896 237 1938 omnes
250 1879 397 1956 exsulent,
411 1901 479 1942 eum
492 1895 614 1962 propter
627 1888 674 1944 tot
688 1884 821 1963 exemplo
833 1884 876 1944 ibi
888 1883 1038 1960 visendeh,

134 1985 202 2040 tum
221 1981 320 2058 etism,
334 1985 403 2064 quis
423 1986 490 2048 coeli
505 1987 723 2067 benignitatem
744 1989 853 2048 ortium
872 1988 978 2048 studiis
997 1988 1040 2048 ibi

134 2082 233 2144 favere
247 2085 393 2166 judicent.
434 2091 508 2167 Quae
523 2092 548 2152 ri
561 2113 642 2153 nune
654 2091 743 2167 fovet,
757 2113 810 2154 eur
822 2113 884 2153 non
898 2097 929 2152 et
941 2092 1012 2152 olim
1023 2092 1038 2154 P

138 2188 261 2250 Graeeiae
279 2213 349 2253 vero
368 2215 448 2256 nune
466 2202 590 2277 quotum
610 2217 755 2278 quemque
773 2197 907 2256 invenies
927 2197 1039 2257 ortium

135 2294 327 2357 studiosum?
346 2303 379 2358 et
393 2299 572 2377 etiamnunc,
586 2308 622 2362 ut
636 2302 678 2362 eit
689 2303 828 2382 Byronus
841 2306 953 2372 noster,
967 2302 1038 2361 lieet

134 2395 247 2475 relique
261 2399 357 2458 omnis
370 2399 465 2478 glorie
477 2402 547 2463 inde
561 2403 697 2476 deeessit,
712 2408 858 2482 perpetue
869 2409 971 2462 temen
985 2421 1040 2460 sue

134 2505 238 2561 estete
261 2501 433 2564 inauratum
455 2505 534 2566 ridet
557 2507 679 2568 Graeoiae
701 2507 798 2568 littus.
841 2507 948 2586 Neque
968 2525 1038 2566 vero

133 2621 215 2664 nuno
235 2609 364 2680 tentum,
385 2608 598 2670 verumetiam
618 2615 685 2670 tum
705 2629 773 2670 cum
795 2609 962 2669 instaurare
986 2608 1038 2668 diu

133 2707 265 2787 sepultas
275 2715 355 2770 ertes
367 2710 486 2772 reddite
494 2711 622 2792 Europe
635 2713 700 2774 sins
711 2713 920 2795 superstitione
934 2712 1038 2792 religio

134 2815 287 2896 inciperet,
301 2818 440 2898 princeps
453 2817 490 2878 iis
503 2838 565 2878 non
581 2819 697 2879 Graeeis
715 2819 767 2880 sed
783 2819 870 2882 Italis
882 2819 1037 2892 incubuit3

133 2937 189 2978 nee
200 2919 329 2980 Athenis
344 2920 397 2980 sed
409 2919 556 2994 Venetiis,
570 2920 737 2995 Florentiae,
751 2919 853 2980 Rome
866 2925 989 3000 propter
1002 2941 1038 2981 ee

134 3023 260 3102 gratiam
280 3025 430 3086 debemus.
475 3025 647 3101 Quinetiam
665 3030 792 3100 constet,
809 3025 953 3086 statueris
969 3024 1037 3104 plus

134 3145 222 3204 quum
235 3127 356 3208 reliquis
370 3127 485 3188 ortibus
501 3127 646 3190 Graeoiem
665 3129 777 3189 ceteris
796 3129 936 3208 gentibus
954 3134 1037 3191 ente·

135 3231 257 3305 cellere3
285 3254 350 3312 quoe
369 3233 491 3294 minime
513 3233 645 3294 omnium
664 3232 702 3293 sd
721 3233 872 3312 regionem
893 3236 1038 3314 pertinet.

136 3335 197 3412 Qui
221 3336 301 3396 enim
324 3335 390 3396 loos
412 3336 527 3416 pinget,
551 3341 603 3396 sut
627 3336 678 3415 qui
699 3337 810 3416 temple
833 3337 966 3410 aedifieet,
988 3338 1037 3398 hie

134 3440 224 3501 vestis
238 3460 377 3500 saxorum
392 3439 529 3514 molibus,
542 3439 592 3500 ille
605 3440 693 3500 variis
711 3440 867 3518 regionum
883 3442 1036 3502 smoenits·

368 3570 381 3606 ¹
398 3571 533 3637 Reynelds'
546 3571 614 3620 Lect.
629 3558 659 3620 bn
674 3571 798 3636 Psinting.
