2470 4046
639 211 678 268 38

205 392 237 446 dv
248 391 296 460 τὴν
309 388 415 460 δύναμιν
428 388 573 457 εἰκάζεσθαι
587 389 637 463 ἀπὸ
647 389 693 457 τῆς
706 385 794 459 ὅψεως
807 384 823 456 ἦ
837 386 917 441 ἔστιν.
949 379 1116 440 Clementia

206 509 276 552 vero
297 496 328 550 et
345 488 542 550 mansuetudo
558 489 600 548 ita
621 487 659 548 ad
678 493 773 547 artem
789 485 953 566 pertinent,
967 484 1046 564 quod
1066 504 1117 544 ars

208 595 299 657 animi
322 595 406 674 quasi
428 595 526 673 imago
548 599 604 667 est,
624 613 680 653 nec
704 595 863 652 cruentum
884 595 937 650 aut
955 590 1118 650 barbarum

210 701 340 761 animum
366 720 433 759 cum
459 699 567 760 artium
595 698 702 758 studiis
729 696 897 757 consentire
923 695 1117 756 credendum.

213 804 361 864 Hilaritas
379 825 448 864 vero
466 809 498 864 et
517 805 601 883 lepor
619 804 782 863 effecerunt
801 807 837 860 ut
855 801 1071 861 oblectamenta
1084 805 1121 859 et

210 930 247 971 ea
268 915 395 970 venusta
418 914 578 989 cuperent:
610 929 674 988 quae
698 907 778 966 unde
801 905 861 966 nisi
886 927 922 965 ex
946 905 1060 965 artibus
1084 910 1121 964 et

211 1015 306 1074 literis
321 1019 393 1074 sunt
407 1013 587 1093 querenda?
622 1012 759 1091 Denique
772 1011 857 1071 velox
869 1009 921 1070 illa
933 1009 966 1069 in
980 1009 1122 1070 omnibus

211 1119 359 1178 industria
386 1124 417 1178 et
439 1119 581 1178 novitatis
608 1138 688 1178 amor
708 1116 857 1197 pandebat
880 1115 1034 1194 ingenium
1061 1135 1124 1174 neo

212 1229 332 1303 torpere
351 1223 531 1302 patiebatur,
551 1223 602 1282 s‘ed
618 1222 820 1282 inventionem
840 1239 956 1299 semper
975 1219 1122 1279 acuebat:

214 1329 246 1388 in
268 1334 332 1388 arte
354 1333 461 1401 autem,
482 1333 518 1388 ut
539 1328 582 1388 ait
604 1326 802 1408 Thucydides,
822 1332 855 1386 τὰ
876 1331 1056 1402 ἐπιγιγνόμενα
1079 1328 1127 1384 ἀεὶ

218 1460 314 1510 sparsi.

257 1541 307 1600 Ad
322 1541 449 1601 Romam
468 1546 626 1601 vertamur.
667 1539 753 1600 Nihil
772 1540 814 1600 ibi
834 1539 937 1614 mollis,
952 1539 1029 1599 nihil
1047 1538 1127 1598 hila·

216 1645 268 1714 ris,
288 1645 364 1704 nihil
383 1645 507 1724 poetici:
530 1645 605 1704 dura
625 1645 723 1704 omnia
743 1649 775 1704 et
795 1644 833 1704 ad
852 1665 939 1704 usum
960 1663 1127 1705 accommo-

218 1749 296 1810 data.
351 1749 500 1825 Quamdiu
526 1749 603 1808 enim
630 1749 769 1809 libertate
796 1749 899 1808 civitas
926 1749 1128 1819 adolescebat,

163 1843 167 1853 ’
220 1853 374 1912 Romanus
388 1852 456 1922 fuit,
470 1852 497 1912 si
509 1851 598 1912 liceat
612 1853 734 1912 Horatii
746 1852 880 1912 versibus
894 1853 948 1927 uti,

415 2011 431 2034 “
440 2008 600 2056 Rusticorum
611 2008 722 2056 mascula
735 2009 845 2056 militum

443 2090 534 2147 Proles,
548 2090 650 2138 Sabellis
661 2090 732 2138 docta
743 2091 866 2152 ligonibus

465 2173 569 2221 Versare
580 2172 662 2235 glebas
674 2181 698 2221 et
709 2189 800 2221 severa

503 2254 592 2302 Matris
602 2255 632 2302 ad
642 2255 769 2302 arbitrium
780 2255 870 2304 recisos

440 2335 540 2383 Portare
549 2336 625 2384 fustes
632 2339 692 2383 :''-

217 2449 292 2520 fnit,
316 2450 367 2530 qui
391 2455 574 2530 “angustam
595 2451 688 2510 amice
707 2450 879 2530 pauperiem
899 2450 985 2530 psti”
1012 2449 1130 2510 condis·

223 2561 321 2629 eeret;
341 2555 392 2635 qui
411 2556 557 2636 propositi
575 2561 665 2616 tenax
684 2575 799 2635 sempor
811 2560 955 2616 maneret.
997 2555 1064 2614 Nec
1078 2575 1129 2614 ex-

224 2660 321 2740 empla
342 2661 401 2720 illis
423 2665 489 2720 tum
511 2660 639 2720 Pericles
660 2665 714 2720 aut
738 2661 951 2720 Themistocles
971 2659 1129 2739 propositi,

224 2765 278 2824 sed
305 2765 477 2825 Cincinnati
500 2765 537 2826 ab
562 2766 640 2844 egris
663 2765 696 2824 in
720 2765 904 2825 consulatum
930 2764 1071 2836 arcessiti,
1096 2769 1131 2823 et

226 2869 354 2930 Fabricii
366 2891 422 2930 nec
435 2891 507 2930 auro
525 2870 642 2930 venales
661 2890 716 2929 nec
734 2869 899 2948 elephantie
915 2869 1023 2929 territi.
1065 2869 1129 2928 Ne-

226 2994 283 3054 que
297 2975 385 3047 enim,
398 2975 490 3034 utait
504 2975 616 3045 Livius,
629 2975 663 3034 in
675 2975 737 3034 ulla
755 2974 874 3034 civitate
891 2979 997 3034 tantus
1010 2978 1042 3034 et
1054 2979 1130 3034 tam-

227 3079 280 3140 diu
292 3080 460 3158 paupertati
473 3099 507 3139 ac
519 3079 704 3159 parsimoniae
722 3079 817 3138 honos
836 3078 903 3138 fuit
947 3079 1002 3138 His
1015 3077 1130 3138 artibus

227 3184 328 3263 potuit
351 3205 412 3244 non
435 3185 554 3244 Italiam
581 3185 671 3244 solam
700 3184 752 3244 sed
778 3183 877 3244 orbem
904 3189 1050 3243 terrarum
1074 3181 1132 3242 sibi

227 3287 361 3348 subdere.
404 3290 559 3362 Strenuus,
577 3309 667 3368 parvo
685 3293 854 3361 contentus,
873 3288 981 3348 laboris
1001 3288 1129 3367 patiens,

228 3393 262 3452 in
280 3393 441 3473 proposito,
463 3414 518 3453 ceu
539 3393 726 3472 Capitolium,
750 3393 908 3454 immobilis
930 3412 1132 3472 perseverans,

231 3499 318 3558 luxus
332 3503 363 3557 et
381 3499 435 3558 otii
456 3502 650 3577 contemptor,
665 3503 681 3528 “
693 3503 870 3576 contempta
885 3497 1021 3557 dominus
1036 3496 1132 3576 splen-
