2470 4046
627 183 668 242 24

200 343 307 404 stitute
321 349 409 404 sunt:
431 345 547 425 qualem
567 365 637 405 vero
657 365 729 424 erge
748 344 820 405 telin
839 343 971 404 enimum
991 344 1121 404 neme

199 467 257 508 nus
277 458 381 528 postea
400 449 533 522 heberet,
553 447 721 528 exemplum
744 448 897 520 hebemus,
921 467 960 506 ne
983 446 1119 506 scutum

198 557 266 612 tum
287 552 418 612 scientiae
441 553 605 622 credamus,
627 554 801 632 frequentes
824 553 891 613 illes
915 551 1118 612 mathemati-

200 677 302 716 corum
316 677 352 716 ex
364 657 439 717 urbe
452 658 649 737 expulsiones.
692 659 868 720 Ponendum
889 658 984 736 igitur
1001 659 1118 716 Romae

199 761 282 841 leges
305 771 336 822 et
356 762 497 824 institute
517 765 632 825 ustibus
657 785 773 844 semper
796 764 945 834 offecisse3
974 761 1116 821 Athenis
1214 841 1215 844 Ἴ

201 875 305 926 contre
318 866 412 927 fuisse
426 888 492 927 eam
501 869 671 948 reipublicae
685 869 818 942 formem,
830 889 895 949 quoe
909 867 966 928 erti
978 867 1115 926 menime

117 1006 123 1016 ·
202 977 249 1032 est
258 972 381 1032 idonee:
402 991 525 1052 eumque
534 975 671 1034 nonnihil
680 975 719 1036 ed
731 975 848 1048 mtium,
858 993 922 1053 quoe
936 971 979 1032 ibi
992 989 1116 1044 summas

202 1077 269 1150 fuit,
287 1077 499 1156 perfectionem
517 1080 679 1140 contulisse
697 1079 942 1140 existimandum
963 1075 1016 1137 sed
1034 1095 1114 1156 quo-

202 1182 283 1242 nism
297 1182 380 1241 nulle
392 1182 474 1242 inter
486 1193 610 1255 veteres,
618 1205 675 1245 nec
687 1185 769 1244 inter
780 1184 962 1244 recentiores
976 1180 1113 1242 civitatis

201 1288 297 1348 forme
321 1288 448 1358 exstitit,
472 1309 537 1368 quae
562 1276 615 1349 eut
639 1309 756 1370 semper
779 1295 832 1349 eut
858 1307 1011 1367 nunquam
1038 1305 1113 1345 cum

202 1393 368 1454 liberalium
389 1394 498 1453 ortium
519 1395 627 1455 studiis
648 1395 809 1474 conjuncte
829 1394 878 1464 sit,
902 1393 935 1452 iu
957 1389 1114 1452 institutis

204 1505 298 1558 sitem
317 1499 464 1558 contineri
482 1520 544 1560 non
566 1500 804 1560 existimandum.
846 1499 1020 1575 Quinetiam
1043 1497 1115 1576 ipss

203 1599 414 1660 institutorum
437 1599 593 1660 diversitas
617 1601 655 1660 ad
681 1600 833 1679 ingenium
860 1597 1018 1658 referenda
1044 1605 1110 1656 est:

204 1723 261 1762 nec
274 1723 345 1762 vere
358 1712 404 1762 est
422 1723 525 1764 eorum
544 1707 704 1773 sententie,
719 1705 778 1784 qui,
792 1703 861 1787 quie
874 1725 940 1764 cum
958 1697 1111 1761 institutis

205 1806 326 1885 ingenie
338 1809 517 1888 populorum
529 1809 642 1868 veniere
660 1809 771 1882 vident,
785 1808 893 1868 idcirco
905 1812 937 1866 et
958 1804 1110 1866 institutis

204 1914 359 1993 ingenium
385 1917 515 1996 pendere
541 1917 733 1979 arbitrentur.
784 1919 867 1978 Sicut
892 1917 972 1977 enim
999 1915 1109 1995 singuli
1214 1903 1215 1938 ³

206 2019 350 2098 cujusque
368 2021 497 2082 hominis
518 2029 585 2082 acte
605 2043 703 2082 mores
725 2023 789 2104 ejus
810 2042 865 2082 sue
882 2021 946 2082 vice
966 2019 1107 2089 efficiunt,

208 2144 273 2204 qum
296 2129 399 2184 tamen
424 2125 490 2206 ipse
514 2147 550 2186 ex
574 2127 706 2187 moribus
732 2127 957 2207 profluxerunt:
987 2130 1019 2184 et
1042 2123 1108 2183 civi·

207 2228 322 2288 tatibus
348 2249 465 2309 quoque
491 2231 634 2292 institute
659 2231 763 2311 populi
788 2231 944 2310 ingenium
966 2229 1107 2296 efficiunt,

209 2334 262 2394 sed
274 2333 339 2413 ipse
352 2341 454 2395 temen
467 2337 560 2396 multo
574 2337 668 2415 megis
682 2357 718 2396 ex
731 2335 783 2396 illo
795 2335 938 2415 pendent.

250 2437 338 2514 Quod
352 2439 377 2498 si
391 2461 456 2500 cum
469 2441 618 2502 institutis
638 2441 729 2501 sacris
749 2445 781 2500 et
801 2439 934 2500 civilibus
950 2457 999 2498 res
1017 2437 1060 2497 ite
1076 2455 1107 2496 se

208 2540 311 2614 hebet,
323 2542 394 2621 quid
412 2543 449 2602 de
466 2543 595 2624 moribus
613 2543 789 2604 dicendum?
811 2541 949 2622 quoniam
968 2541 1004 2601 de
1022 2541 1057 2600 iis
1075 2545 1107 2599 ut

209 2647 299 2708 tertio
321 2647 458 2720 dicemus,
477 2646 515 2706 ab
534 2647 622 2706 initio
641 2647 727 2706 nobis
747 2647 930 2726 propositum
953 2645 1020 2706 fuit.
1060 2644 1106 2704 Ad

210 2771 306 2812 mores
325 2756 432 2825 autem,
446 2755 587 2830 tanquam
605 2751 643 2811 ed
661 2762 757 2830 caput,
772 2751 884 2810 referre
902 2750 1000 2810 omnic
1017 2749 1106 2822 velim,

212 2877 276 2935 quae
293 2855 326 2914 in
344 2855 559 2916 consuetudine
571 2856 619 2915 vel
636 2855 776 2935 opinione
789 2855 889 2934 potius
904 2875 990 2934 quam
1002 2853 1034 2913 in
1046 2854 1106 2932 loge

212 2966 244 3020 et
261 2959 401 3042 instituto
420 2960 639 3020 contineantur.
679 2961 752 3020 Huc
768 2959 860 3039 igitm
877 2960 1032 3039 pertinent
1044 2959 1107 3018 vitae

212 3063 391 3142 quotidienoe
408 3083 488 3136 usus,
501 3063 686 3142 negotiorum
705 3064 870 3137 aestimatio,
883 3083 1040 3144 puerorum
1055 3061 1107 3120 dis·

212 3165 332 3244 mplius,
348 3165 631 3226 oblectamentorum
650 3187 754 3246 genus,
773 3173 804 3226 et
824 3167 871 3227 his
892 3166 1007 3227 ciuilis.
1047 3163 1106 3240 Quo

214 3270 247 3330 in
266 3271 341 3343 loco,
361 3270 499 3350 quonium
518 3271 647 3331 Athene
669 3271 704 3331 in
723 3271 838 3332 ortibus
857 3270 943 3330 facile
965 3268 1106 3349 principes

217 3375 339 3435 Graeciae
358 3380 390 3434 et
410 3381 445 3434 ut
465 3376 508 3435 sit
528 3375 713 3455 Thucydides
733 3382 868 3437 παιδενσιε
888 3378 984 3444 erent,
1004 3373 1106 3452 reliqua

214 3484 316 3540 cutem
326 3479 444 3540 Graecie
453 3480 574 3540 nonnisi
583 3499 755 3560 repercussa
762 3479 939 3538 herumluce
950 3477 1106 3557 splendeat,
