2470 4046
559 261 599 332 31

129 434 207 497 fecte
231 455 306 515 opus
333 434 510 494 absolvatur.
555 433 628 509 Qua
653 431 766 494 Gracia
790 435 900 512 quanta
922 429 1033 490 insere·

128 547 222 614 retur,
248 538 366 620 plenius
393 559 459 599 curn
487 559 525 598 ex
558 537 797 618 philosophorum
825 535 941 616 scriptis
969 540 1033 594 tum

129 643 219 703 etiam
233 663 270 702 ex
283 641 356 722 ipsis
370 642 471 722 populi
486 642 616 702 moribus
630 640 899 702 demonstrandum.
935 638 1033 698 Primo

129 745 294 808 notandum
309 748 427 808 Graecos
438 747 548 827 primos
558 746 705 808 xrocsbulis
716 747 754 807 ad
763 766 918 827 corporeos
930 765 1033 805 sensus

130 851 353 932 pertinentibus
372 851 517 912 translate
538 851 575 911 de
593 873 705 912 morum
726 850 884 912 virtutibus
905 863 935 910 et
954 850 1035 909 vitiis

131 977 200 1017 usos
220 976 294 1032 esse,
307 961 342 1014 ut
364 956 519 1016 honestum
538 964 624 1026 καλόν,
639 964 726 1037 turpe
744 963 863 1034 αἰσχρόν,
877 955 1035 1016 absurdum

130 1067 281 1136 πλημμελὲς
308 1060 502 1140 appellarent,
529 1067 560 1120 et
587 1061 701 1121 similia.
752 1061 839 1138 Quod
865 1061 958 1141 pluris
987 1067 1034 1120 est

130 1186 216 1245 quam
230 1165 325 1245 primo
339 1164 464 1224 videtur.
507 1165 676 1226 Communis
695 1165 773 1224 enim
790 1165 943 1226 verborum
964 1185 1034 1224 usus

129 1269 304 1350 popularem
327 1268 456 1328 animum
480 1269 592 1330 rectius
616 1269 745 1330 declarat
766 1289 852 1350 quam
876 1289 1032 1350 paucorum

129 1375 281 1436 hominurn
301 1375 457 1436 elaboratae
476 1375 514 1436 ad
534 1375 687 1456 opiniones
707 1397 774 1437 suas
793 1376 1032 1437 nomenclaturae.

131 1479 228 1540 Docet
241 1499 311 1539 vero
324 1479 373 1540 hic
387 1500 457 1540 usus
473 1479 586 1540 Grecis
599 1501 696 1540 rerum
715 1486 902 1540 externarum
921 1480 1034 1559 species

132 1592 163 1646 et
186 1585 277 1646 animi
298 1591 395 1645 status
416 1587 579 1666 analogiam
603 1586 747 1666 quandam
771 1587 851 1646 inter
874 1605 906 1644 se
926 1585 1035 1644 habere

131 1692 208 1751 visas
222 1712 296 1752 esse.
338 1689 429 1752 Unde
442 1691 561 1763 factum,
576 1698 610 1751 ut
623 1692 850 1772 pulchritudinis
864 1693 989 1772 speciem
1003 1693 1034 1752 in

130 1817 289 1878 puerorum
309 1796 465 1876 disciplina
484 1797 667 1872 adhiberent,
682 1800 763 1879 cujus
784 1798 1034 1878 contemplatione

131 1904 169 1962 ad
193 1902 316 1962 elatiora
339 1908 371 1963 et
394 1901 566 1963 honestiora
588 1904 837 1983 proveherentur:
865 1923 920 1962 nec
942 1904 1034 1982 magis

133 2004 243 2064 scelera
254 2004 408 2084 fugiebant
424 2005 522 2066 Graeci
535 2006 603 2086 quia
614 2008 704 2087 impia
717 2027 803 2086 quam
817 2007 885 2086 quia
898 2007 1036 2066 indecora

135 2127 171 2166 ea
190 2127 255 2166 esse
275 2107 454 2168 sentiebant.
498 2108 668 2184 Quinetiam
690 2110 785 2168 Graeci
806 2130 871 2168 cum
891 2109 985 2168 sor-ma
1003 2130 1035 2168 se

134 2214 259 2294 reliquas
273 2220 379 2294 gentes
393 2233 531 2294 superare
546 2215 693 2275 sentirent
699 2225 721 2284 (1,
735 2235 771 2274 ex
787 2215 859 2294 ipsis
878 2215 928 2294 qui
941 2214 1036 2273 forma

132 2319 318 2393 excellerent,
333 2319 503 2393 honoribus,
517 2323 551 2378 ut
561 2319 642 2379 nulla
655 2318 712 2378 alia
725 2339 806 2398 gens,
820 2318 1036 2398 prosequeban-

132 2431 189 2483 tur.
235 2423 383 2484 Nonnulli
411 2424 541 2484 Deorum
570 2423 737 2483 sacerdotes
764 2433 887 2502 propter
912 2422 1035 2482 formam

132 2526 239 2586 delecti
254 2537 332 2601 sunt,
346 2533 381 2586 ut
395 2528 416 2587 J
418 2527 480 2587 ovis
493 2527 598 2606 AEgaei,
613 2527 756 2587 Mercurii
769 2526 930 2605 'sanagraei,
944 2525 1035 2605 Apol-

131 2630 201 2688 linis
229 2629 362 2690 Ismenii.
403 2631 542 2690 Traditur
568 2631 680 2710 Egesta
705 2630 885 2691 Crestoniati
913 2629 1035 2701 cuidam,

132 2740 270 2812 tanquam
285 2732 376 2807 heroi,
391 2745 512 2814 propter
525 2734 648 2795 formam
663 2737 804 2796 sacrificia
817 2735 930 2795 secisse.
967 2734 1034 2792 Ari·

134 2837 260 2896 stoteles
274 2837 324 2896 ille
341 2838 478 2897 felicitati
491 2836 585 2899 forma
598 2860 671 2920 opus
690 2861 755 2901 esse
773 2841 863 2900 semel
881 2846 968 2918 atque
982 2839 1037 2897 ite-

134 2960 197 2998 rum
212 2941 384 3000 confirmat:
407 2942 485 3019 quod
497 2943 576 3002 idem
590 2945 753 3005 Simonides
767 2966 785 3004 a
799 2944 924 3004 Platone
938 2943 1036 3003 lauda·

134 3047 192 3111 tus,
214 3061 279 3101 cum
301 3063 389 3102 unam
412 3065 448 3104 ex
472 3053 598 3122 quatuor
619 3050 707 3109 rebus
731 3050 877 3130 praecipue
897 3047 1037 3126 optandis

129 3167 191 3224 proe
218 3147 329 3207 divitiis
355 3157 385 3208 at
415 3151 562 3231 voluptate
589 3155 674 3234 ponit
702 3161 772 3230 φυὰν
798 3161 879 3213 καλὸν
904 3157 1035 3230 γενέσθαι,

134 3251 200 3312 Nec
214 3251 386 3313 incredibile
403 3253 434 3313 id
448 3255 618 3336 Xenophon
632 3258 664 3317 in
684 3259 836 3338 Symposio
852 3257 1036 3317 Critobulum

133 3358 280 3419 dicentem
301 3357 382 3432 feeit,
390 3361 504 3437 Ὄμνυμι
525 3368 621 3423 πάντας
645 3367 727 3435 θεοὺς,
748 3369 782 3438 μὴ
809 3367 916 3422 ἑλέσθαι
940 3369 971 3422 ὃν
990 3369 1036 3434 τὴν

132 3467 266 3532 βασιλέως
279 3468 363 3543 ἀρχὴν
375 3470 431 3525 ἀντὶ
444 3475 490 3526 τοῦ
508 3473 586 3530 καλὸς
604 3470 677 3528 εἶναι.
719 3469 812 3528 Immo
833 3468 922 3528 etiam
935 3467 1035 3527 formae

381 3600 393 3634 ³
410 3593 622 3646 Winckelmann's
634 3598 715 3647 Greek
730 3601 783 3648 Art.
