2470 4046
623 140 663 196 44

191 299 264 360 uisci
293 298 371 359 euim
397 303 524 378 oportet,
551 299 584 359 in
610 300 690 359 omni
716 319 749 359 ro
773 319 822 360 eos
845 306 963 361 tontum
987 323 1097 364 causus

191 405 283 484 quaeri
314 404 429 478 debere,
461 424 533 482 quos
565 405 617 478 rei,
646 404 683 464 de
716 424 773 483 qun
804 397 956 485 queritur,
984 413 1099 467 nutura

194 509 329 588 excipiat.

232 613 269 672 B.
285 616 312 672 1.
336 611 483 688 Quoniam
495 632 564 671 vcro
584 611 730 692 principio
749 613 916 674 universnm
936 615 1013 676 hanc
1026 636 1099 676 cuu-

193 739 291 777 sarum
314 716 572 795 investigationem
594 717 627 775 in
651 717 723 777 duos
744 723 845 798 partes
866 720 1099 798 segregavimus,

192 823 316 882 alterum
336 843 445 896 earum,
467 843 531 900 quae
551 821 584 880 iu
603 823 781 902 populorum
801 823 1032 898 diversitatibus,
1054 825 1098 884 ol-

193 939 287 987 terum
300 947 485 1003 eorumquae
498 926 530 985 in
543 925 608 1005 ipsc
621 931 685 986 arte
699 927 925 1000 contineantur3
947 927 983 987 de
996 929 1099 1007 priore

193 1033 244 1092 ibn
263 1031 407 1112 populari,
434 1035 578 1110 quontum
598 1030 749 1101 babemus,
775 1031 838 1110 jum
857 1032 1043 1111 protulimus,
1064 1037 1099 1091 et

193 1137 314 1215 ingenio
328 1156 393 1195 enm
403 1135 617 1194 conclusimus:
638 1135 676 1194 ud
686 1135 809 1194 alteram
819 1136 895 1196 hanc
908 1136 1002 1214 igitur
1014 1157 1100 1196 nunc

193 1241 424 1322 progrediemur,
438 1261 503 1320 quoe
523 1240 555 1299 in
575 1246 639 1300 rute
659 1245 690 1300 et
711 1241 880 1302 exercendae
898 1243 962 1323 ejus
980 1242 1100 1301 ratione

194 1347 326 1427 ponitur.
370 1345 443 1421 Quae
457 1345 521 1424 ipsa
534 1344 624 1404 etium
637 1345 670 1403 iu
688 1346 839 1426 complura
852 1347 949 1426 cupita
962 1347 1100 1420 discedit,

195 1452 272 1522 finio,
294 1450 400 1523 aetctis,
420 1449 554 1523 rationis,
574 1469 684 1518 rerum,
705 1450 874 1510 hominum:
895 1472 960 1530 quae
981 1451 1102 1530 singula

196 1577 283 1637 quam
301 1555 471 1616 brevissimo
487 1553 690 1614 tractabimus.
732 1555 836 1615 Finem
852 1556 949 1616 Graeci
962 1556 1019 1616 sibi
1031 1577 1100 1636 pro-

196 1663 348 1743 ponebant
361 1659 622 1740 pulchritudincm,
636 1659 765 1719 Romani
777 1660 982 1720 imitationem.
1010 1660 1102 1736 Quod

197 1787 250 1846 per
264 1785 295 1824 se
316 1763 434 1841 quidem
455 1762 535 1822 haud
554 1763 614 1822 scio
635 1784 674 1822 on
693 1783 755 1823 non
775 1765 848 1824 sctis
868 1785 962 1824 ecusae
982 1763 1100 1838 fuisset,

197 1891 251 1931 cur
263 1869 307 1928 ilii
321 1867 486 1948 superiores
499 1867 655 1927 evaserint.
691 1867 872 1928 Imitationis
885 1869 964 1928 enim
977 1875 1023 1928 est
1036 1867 1101 1928 iere

197 1994 348 2053 nunquam
368 1972 530 2052 perfectam
548 1982 579 2032 et
596 1980 763 2034 accuratam
777 1977 850 2055 ejus,
864 1976 943 2055 quod
956 1975 1100 2047 imitetur,

198 2080 324 2158 effigiem
338 2078 517 2158 exprimere:
538 2084 583 2152 ut,
597 2099 661 2158 quae
681 2079 717 2138 de
737 2100 835 2140 rerum
849 2086 1038 2140 externarum
1051 2099 1102 2138 ex·

199 2184 303 2264 emplis
317 2183 447 2261 effingat,
460 2183 533 2262 ipsis
548 2184 689 2263 exemplis
704 2184 850 2244 deteriora
863 2184 994 2263 effingat.
1016 2185 1102 2243 Sum·

199 2312 252 2348 mae
274 2293 375 2348 nutem
395 2287 468 2346 artis
489 2293 535 2348 est
556 2308 696 2368 superare
715 2294 862 2348 naturam.
906 2289 995 2364 Quod
1014 2309 1101 2368 prop-

198 2399 281 2453 tereu
306 2392 371 2452 fieri
396 2397 505 2471 potest,
530 2393 609 2471 quod
632 2394 776 2473 cujusque
799 2413 898 2452 rerum
924 2393 1042 2472 generis
1069 2393 1103 2451 iu

200 2497 304 2557 animis
327 2497 438 2556 nostris
462 2497 588 2576 speciem
609 2498 756 2576 quendam
778 2497 986 2578 perfectiorem
1013 2499 1102 2558 habe·

201 2623 274 2675 mus,
288 2622 376 2681 quam
390 2601 436 2661 oui
457 2611 511 2680 pbr
525 2601 691 2680 exemplum
711 2602 744 2660 in
759 2602 870 2662 mundo
887 2623 1018 2682 unquam
1030 2601 1103 2663 vidi·

201 2728 276 2766 mus.
320 2706 430 2764 Utrum
450 2710 559 2764 natura
578 2725 620 2765 eae
640 2706 727 2766 nobis
748 2707 846 2767 insitae
868 2707 945 2782 sint;
973 2707 1005 2767 id
1025 2706 1103 2787 quod

201 2813 287 2871 Plato
307 2811 357 2870 ille
377 2810 480 2882 voluit,
495 2815 526 2869 et
543 2815 611 2872 ἰδέας
629 2813 761 2872 omnium
781 2813 862 2884 fecit,
876 2833 1001 2893 quorum
1016 2833 1104 2892 prop·

200 2922 248 2976 ter
262 2916 367 2976 divinae
381 2921 493 2975 naturae
506 2917 761 2996 perticipationem
776 2917 840 2998 ejus
853 2919 887 2977 in
899 2918 996 2978 animo
1009 2918 1103 2977 laten·

201 3022 278 3080 tium
291 3020 459 3080 memorium
479 3021 607 3081 excitare
627 3043 725 3082 rerum
743 3028 933 3083 extemmum
951 3027 1104 3101 aspectum

202 3113 392 3198 existimavit}
413 3145 451 3184 an
458 3126 571 3206 judicio
579 3132 610 3186 et
619 3129 764 3188 electione
773 3149 809 3188 ex
818 3129 865 3198 iis,
874 3149 938 3206 quae
947 3128 979 3187 in
988 3146 1104 3205 quoque

203 3250 311 3309 genere
329 3231 575 3310 praestnntissimn
593 3232 696 3292 oculus
714 3232 831 3306 viderit,
845 3233 990 3292 confletur
1003 3237 1035 3291 et
1048 3231 1104 3291 col·

202 3335 322 3413 ligatur.
364 3334 454 3411 Unde
466 3335 554 3395 'enim
574 3336 658 3407 fiant,
671 3337 747 3396 nihil
764 3337 907 3410 interest;
927 3357 992 3397 esse
1005 3337 1104 3416 hujus·

204 3439 284 3499 modi
302 3439 414 3519 species
432 3446 559 3500 constat.
601 3441 652 3502 Ad
665 3462 739 3519 quos
757 3441 924 3502 intuentem
938 3445 1066 3522 oportet,
1080 3439 1105 3500 si
