2470 4046
549 213 588 274 35

112 373 331 454 exemplarem,
343 379 373 434 et
389 372 626 454 perfectissimam
637 377 775 443 omnium,
786 371 951 445 humanam,
964 370 1022 432 sor-

114 499 193 538 mam
208 479 408 560 perfecerunt.

155 582 258 643 Tertia
278 582 316 642 ad
335 589 429 643 artem
449 583 581 664 pertinet
603 583 774 661 Graecorum
795 580 889 641 facilis
910 580 1024 660 ingenii

113 688 262 761 celeritas,
284 688 402 768 quaed
424 688 537 748 diversa
561 688 661 748 studia
684 687 796 767 pariter
819 691 908 765 aptus
932 705 1025 745 unus·

114 793 242 874 quisque
256 792 362 852 eradit.
406 791 499 872 Cujus
515 798 546 852 et
563 813 598 852 ex
618 792 692 872 ipsis
712 796 863 851 auctorem
883 789 1025 850 habemus

115 895 329 976 Thucydidem,
344 895 394 976 qui
409 895 551 958 Periclem
572 896 604 956 in
624 895 758 956 oratione
779 893 830 954 illa
850 914 940 973 super
956 892 1027 954 belli

114 1003 264 1084 primitias
278 1002 381 1064 habita
393 1002 437 1062 ita
450 1002 674 1064 concionantem
688 1001 769 1075 feeit,
784 1004 839 1060 rati
855 1005 965 1060 ἕκαστον
981 1005 1025 1060 δο-

117 1117 172 1168 κεῖν
185 1114 217 1168 riv
229 1135 273 1184 μοι
286 1113 331 1168 τὸν
344 1113 422 1168 αὐτὸν
435 1113 513 1185 ἇνδμὸ
527 1112 588 1186 παρ’
603 1113 674 1182 ἡμῶν
690 1113 732 1167 ε’πὶ
751 1110 856 1168 πλεῖστ’
871 1111 903 1166 ἂν
916 1109 970 1180 εἴδη
984 1112 1026 1166 καὶ

117 1220 184 1288 μετὰ
204 1219 318 1290 χαρίτων
336 1213 445 1286 μολιστ’
461 1218 492 1272 ἂν
510 1218 674 1290 εὐτραπελως
693 1220 724 1272 τὸ
741 1221 817 1288 σῶμα
835 1220 957 1288 αὔταρκες
976 1237 1025 1271 πο-

116 1323 317 1396 piperem-et
336 1318 413 1378 idem
435 1323 540 1397 postea
563 1317 599 1377 de
621 1318 758 1378 universo
782 1317 887 1378 Graeco
907 1316 1026 1378 nomine

118 1423 262 1504 praedicat
275 1423 308 1482 in
321 1423 511 1507 opprobrium
525 1423 546 1482 J
547 1423 688 1496 uvenalis,
931 1408 935 1416 ¹

187 1542 202 1566 ‘⁴
215 1538 346 1601 Ingenium
358 1537 440 1597 velox,
451 1539 553 1586 audacio
564 1537 666 1602 perdita,
681 1551 762 1585 sermo

213 1619 346 1683 Promptus
358 1628 382 1668 et
395 1621 458 1668 Isaeo
471 1620 603 1668 torrentior.
639 1619 700 1675 Ede,
713 1619 772 1681 quid
781 1617 854 1666 illum

215 1701 278 1748 Esse
290 1703 379 1764 putes?
399 1703 512 1764 queraris
523 1701 647 1748 hominem
658 1715 742 1748 secum
755 1699 837 1747 attulit
847 1699 877 1746 ad
889 1713 942 1748 nos.

212 1782 404 1839 Gramntaticus,
417 1783 504 1839 rhetor,
517 1790 662 1844 geometres,
678 1781 765 1844 pictor,
778 1779 875 1844 aliptes,

216 1865 313 1925 Augur,
326 1864 502 1920 schoenohates,
515 1863 634 1922 medicus,
644 1879 745 1926 magus:
763 1863 846 1910 omnis
856 1861 933 1909 novit.

216 1945 348 1994 Graculus
360 1946 468 1994 esuriens
479 1947 509 1994 ad
521 1945 622 2003 ooelum,
632 1945 742 2007 jusseris,
753 1945 823 1992 ibic·

127 2045 201 2120 Quae
214 2045 325 2124 ingenii
337 2067 407 2126 pars
421 2052 565 2126 quantum
579 2045 617 2105 ad
629 2065 693 2104 rem
705 2045 863 2124 pertineat,
875 2043 1030 2124 apparebit

127 2146 152 2206 si
176 2147 401 2220 meminerimus,
424 2169 538 2208 omnem
562 2148 648 2208 istam
673 2148 779 2208 artium
806 2149 923 2209 laudem
950 2149 1030 2209 inter

126 2249 292 2311 bellandum
314 2251 516 2312 Athenienses
543 2251 694 2312 meruisse.
739 2251 838 2312 Persis
864 2253 960 2324 victis,
983 2271 1030 2312 co·

124 2357 267 2418 thumum
287 2358 398 2438 repetit
418 2355 595 2437 AEsohylus;
616 2356 652 2416 ab
668 2355 821 2436 Antigona
841 2363 872 2416 et
893 2377 980 2417 scena
998 2357 1031 2416 in

126 2462 243 2522 Samum
259 2462 418 2542 Sophocles
432 2460 635 2542 proficiscitur.
677 2459 729 2520 Ita
742 2460 819 2520 enim
833 2469 948 2522 morata
961 2461 1030 2522 civi·

125 2573 170 2626 tas
184 2566 252 2641 fuit,
267 2573 302 2624 ui
315 2573 347 2626 el
359 2570 471 2643 ῥαθυμίᾳ
484 2569 616 2641 μᾶλλονῆ
634 2573 720 2626 πόνων
736 2571 832 2640 μελέτη
850 2575 904 2628 τοῖς
916 2574 1029 2643 μελλον-

126 2697 169 2730 σιν
195 2677 325 2747 ἀλγεινοῖς
351 2677 385 2746 μὴ
412 2676 568 2748 προκάμνειν
595 2669 687 2730 sallus
710 2670 868 2751 judiearet,
891 2676 922 2731 el
946 2671 1032 2731 finito

125 2774 225 2833 labore
252 2773 408 2834 confestim
434 2774 473 2834 ad
495 2774 581 2834 ludos
605 2780 637 2834 et
664 2774 840 2836 domesticos
863 2781 1032 2855 apparatus,

128 2881 162 2934 ov
175 2881 189 2950 ἡ
204 2881 298 2954 τέρψις
311 2886 341 2938 τὸ
354 2886 471 2956 λυπηρὸν
484 2883 639 2953 ἐκπλήσσει,
654 2899 685 2939 se
699 2885 814 2940 vertere
827 2886 1008 2962 properaret.

168 2978 257 3054 Quod
271 2980 297 3039 si
309 2965 348 3040 etl
360 3001 423 3040 eam
436 2982 549 3060 ingenii
562 2989 686 3063 purtem,
700 3004 766 3064 quae
784 2984 817 3043 in
830 2984 961 3044 moribus
975 2992 1031 3060 est,

130 3086 305 3162 spectemus,
325 3084 420 3164 primo
440 3085 652 3164 religiosissimi
668 3087 870 3148 Athenienses
890 3087 1031 3148 fuerturt:

129 3186 207 3268 quod
221 3187 367 3248 audivisse
381 3189 518 3249 Athenas
533 3191 692 3272 Sophocles
707 3192 793 3252 docet
814 3195 846 3252 in
862 3193 968 3274 OEdipo
982 3194 1032 3254 illo

132 3292 270 3368 Gelonem
285 3312 352 3352 cum
368 3292 506 3374 OEdipum
520 3301 691 3374 querentem
706 3295 786 3370 facit,

289 3405 315 3462 ri
328 3406 392 3474 δῆτα
405 3405 490 3474 δόξης,
506 3405 521 3475 ἢ
535 3407 561 3460 ri
575 3409 698 3475 κληδόνος
712 3410 792 3478 καλῆς

289 3512 370 3582 μάτην
382 3511 493 3584 ῥεούσης
506 3512 636 3584 &pappa
649 3511 771 3585 γίγνεται,
