2470 4046
133 433 313 494 distributis.
363 436 497 494 Groecum
523 438 622 493 autem
647 430 799 510 ingenium
825 432 904 488 artes
930 429 1038 486 notura

134 538 265 618 peperit.
307 537 381 598 Cum
394 538 474 598 enim
486 537 604 617 egregie
617 557 636 624 a
648 533 817 596 doctissimo
830 532 892 592 viro
909 529 1037 590 animad-

134 661 253 701 versum
266 647 340 715 estc,
353 643 386 702 in
399 643 523 722 singulis
536 641 684 702 veteribus
697 639 837 720 gentibus
847 657 935 698 unam
947 635 1038 696 fuisse

134 753 168 806 et
192 747 229 807 ab
254 769 314 808 uno
337 748 483 830 principio
505 753 600 809 ortam
620 746 747 808 feritatis
770 745 804 804 in
825 742 1039 804 humanitatem

134 851 303 938 mollienda
316 872 442 924 causum,
455 853 568 914 Grecis
581 852 614 912 id
626 851 724 912 effecit
734 849 901 910 venustatis
915 867 1028 908 sensus.

177 955 199 1015 J
199 975 248 1015 am
262 961 405 1016 venustos
418 957 490 1036 quid
503 957 552 1030 sit,
562 955 702 1036 quoniam
714 954 836 1014 minime
846 951 1039 1013 consentiunt

134 1064 215 1120 inter
228 1080 260 1120 se
276 1081 388 1134 eorum,
402 1061 454 1141 qui
472 1061 509 1120 de
529 1060 610 1120 hisce
627 1060 716 1120 rebus
734 1056 936 1138 philosophati
956 1061 1038 1125 sunt,

133 1165 299 1245 opiniones,
309 1185 435 1245 quorum
445 1165 495 1225 ulii
507 1165 540 1224 in
552 1164 708 1225 habilitate
720 1183 785 1224 eom
798 1167 830 1222 et
840 1183 898 1222 usu
910 1167 1037 1240 ponunt,

134 1291 228 1350 eaque
246 1271 371 1350 pulchra
387 1272 493 1331 volunt
513 1291 586 1344 esse,
600 1291 665 1351 qua
683 1269 721 1330 ad
732 1269 822 1329 finem
840 1289 929 1328 suum
945 1265 1038 1326 habili

134 1382 167 1434 et
180 1375 400 1436 accommodate
414 1375 475 1436 sint
488 1376 601 1455 ligura3
621 1375 672 1435 alii
690 1375 723 1436 in
739 1373 893 1436 harmonia
911 1371 1038 1452 quedem

135 1485 167 1539 et
184 1480 377 1562 proportione
396 1480 535 1560 partium,
548 1501 673 1560 quarum
690 1499 831 1540 mensura
846 1477 951 1539 dicunt
969 1497 1037 1537 ocu·

135 1583 198 1644 lum
210 1585 248 1645 ab
262 1583 321 1644 ulia
332 1585 365 1644 in
373 1584 470 1658 uliam,
480 1585 562 1644 nulla
574 1585 755 1658 turbatione,
764 1583 899 1666 jucunda
911 1582 1037 1662 quadam

135 1688 359 1750 continuatione
386 1689 526 1769 provehi3
561 1689 612 1749 alii
637 1695 751 1770 negant
777 1708 865 1769 posse
891 1707 957 1748 eam
983 1695 1036 1748 aut

134 1793 233 1853 animo
247 1791 458 1872 comprehendi
470 1799 523 1854 out
540 1794 637 1854 verbis
654 1799 687 1854 ct
704 1793 877 1853 delinitione
895 1791 1036 1872 exprimi;

135 1917 227 1958 sensu
245 1901 366 1957 tantum
383 1897 505 1978 percipi,
524 1897 769 1978 quemadmodum
789 1897 884 1976 ipsam
903 1896 1037 1976 volupta-

136 2005 199 2058 tem
212 2006 243 2059 et
256 2001 446 2062 felicitatem:
467 2002 633 2063 accuratius
652 2002 795 2062 disserere
812 2001 851 2061 ad
869 2001 947 2060 hanc
958 2021 1036 2079 quae·

138 2103 264 2163 stionem
277 2125 339 2166 non
351 2107 493 2186 pertinet.
537 2108 575 2168 Id
592 2108 792 2168 necessarium
807 2113 856 2167 est
868 2107 966 2167 obiter
979 2107 1037 2166 dis·

137 2226 242 2281 serere,
266 2229 331 2288 quae
356 2216 483 2271 venusto
506 2212 584 2272 sint:
612 2212 752 2292 quoniam
773 2232 812 2271 ne
836 2211 893 2272 hoc
916 2210 1035 2290 quidam

136 2311 216 2372 inter
226 2333 329 2373 omnes
338 2321 466 2388 constat,
475 2315 528 2374 sed
537 2315 632 2394 nigrae
640 2315 698 2374 illm
708 2314 916 2376 Afiicnnorum
929 2321 1035 2393 gentes

134 2417 333 2496 pulcherrImc
348 2417 486 2497 judicant
506 2439 572 2479 esse
589 2439 722 2499 corpora,
735 2439 801 2498 quoe
820 2419 906 2480 nobis
925 2419 1036 2498 tiu-pis·

134 2523 209 2584 sima
220 2523 377 2596 videntum
397 2530 429 2582 et
446 2523 627 2603 reliquorum
645 2525 800 2604 opiniones
817 2525 885 2604 plus
902 2523 1036 2584 minusve

134 2627 215 2686 inter
235 2647 269 2685 se
289 2625 490 2698 dissentiunt3
512 2629 593 2688 unde
613 2629 687 2688 falsa
706 2629 915 2690 nonnullorum
935 2630 1036 2710 opinio

134 2739 201 2792 orto
213 2739 269 2804 est,
280 2732 418 2812 pulchras
432 2733 538 2811 cuique
550 2753 600 2792 eas
609 2754 657 2794 res
669 2734 771 2809 videri,
781 2755 906 2815 querum
914 2742 1037 2816 aspectu

136 2837 175 2894 sit
193 2841 364 2895 consuetus.
405 2835 471 2894 Istc
488 2835 582 2914 igitur
599 2837 723 2914 pulchra
742 2858 776 2898 ac
794 2844 920 2898 venusta
934 2837 1036 2898 haberi

136 2937 255 3010 debent,
277 2959 425 3018 nonque
452 2939 574 2998 cuilibet
596 2941 709 3000 homini
730 2943 877 3016 ridentur,
896 2942 950 3002 sed
972 2964 1035 3022 quae

10 3071 18 3080 ·
135 3043 180 3118 iis,
199 3042 250 3122 qui
270 3047 302 3102 et
322 3043 456 3121 exempla
475 3043 606 3102 omnium
627 3064 768 3121 generum
787 3046 925 3116 viderint,
941 3056 973 3106 et
992 3047 1036 3105 ita

135 3146 240 3208 moreti
252 3147 354 3227 itaque
367 3147 499 3208 instituti
512 3147 583 3220 sint,
591 3154 626 3207 ut
639 3149 801 3211 cultissimo
809 3153 913 3232 cuique
920 3151 1035 3234 judices

134 3259 165 3313 ot
191 3255 328 3312 suctores
350 3251 424 3312 boni
451 3251 623 3311 habemur.
666 3253 773 3329 Qualia
795 3255 940 3336 imprimis
963 3263 1035 3318 sunt

137 3357 309 3418 Graecorum
332 3354 434 3436 sigum
461 3377 525 3436 quac
548 3377 585 3416 eo
600 3360 695 3436 magis
719 3358 841 3439 quisque
861 3361 1033 3436 admiratur,

135 3481 191 3540 quo
204 3460 312 3522 cultior
324 3461 365 3521 sit
378 3465 410 3521 et
423 3460 456 3519 in
468 3460 550 3520 omni
561 3463 627 3520 arte
639 3459 789 3526 curiosior.

366 3599 378 3632 Ι
395 3591 509 3642 Guirot's
521 3589 685 3650 civiliacum,
697 3593 711 3644 i
725 3595 764 3647 8³.

561 3684 614 3742 122
