2470 4046
636 187 675 244 26

201 351 310 421 tamen,
333 367 398 406 cum
421 352 544 428 propter
563 347 748 428 negotiorum
769 350 971 427 contemptum
994 365 1119 406 summa

201 451 332 532 plerique
349 453 473 530 penuria
491 457 656 524 uterentur,
670 451 851 511 miseriarum
873 451 977 510 solatia
997 469 1118 530 quaere·

201 556 284 616 bant.
327 555 410 615 Hine
433 555 557 636 publicae
580 555 638 616 illae
659 556 794 616 ludorum
818 576 852 615 aa
877 575 970 614 scenae
994 553 1116 614 exhibi-

201 639 308 732 tiones,
322 660 391 720 hino
410 661 574 741 sumptuosi
592 661 636 720 illi
654 661 835 741 privatorum
854 659 1004 720 hominum
1018 678 1116 738 appa-

201 771 294 840 ratus,
309 766 454 845 charegiae
474 767 531 826 illae
552 772 583 826 et
603 767 757 826 tribulium
777 766 980 845 epulationem
1001 763 1115 845 quibua

201 869 306 950 vulgus
320 871 453 930 laborum
472 871 665 952 deciperetur,
679 891 735 930 nee
749 870 786 929 ad
801 871 908 930 divites
921 890 975 950 per
989 869 1115 929 decreta

202 975 370 1054 spoliandos
383 982 576 1057 properaret3
597 980 720 1054 θεωρικὸν
733 976 815 1049 illud,
830 976 907 1056 quod
921 976 959 1036 ad
972 975 1042 1036 belli
1056 996 1112 1035 ne-

202 1080 357 1140 cessitates
376 1081 450 1139 velle
464 1080 634 1160 impendere
655 1080 781 1160 capitale
795 1079 861 1140 fuit.
903 1081 1009 1160 Neque
1028 1080 1111 1142 enim

203 1185 241 1245 ad
254 1185 353 1265 turpia
367 1192 418 1245 aut
432 1185 561 1246 crudelia
572 1206 603 1246 se
615 1185 804 1246 delectandos
818 1185 840 1244 ii
852 1185 1043 1266 recipiebant,
1055 1187 1112 1248 sed

203 1291 240 1350 ad
253 1290 415 1371 gymnasia,
431 1290 482 1350 sed
496 1290 534 1350 ad
546 1291 756 1371 pulcherrimus
769 1289 835 1349 illas
848 1289 982 1372 AEschyli
996 1291 1111 1372 Sopho·

203 1395 255 1455 olis
274 1394 424 1475 Euripidis
442 1395 619 1474 tragoedias:
642 1415 713 1474 quas
731 1394 899 1454 incredibili
918 1395 1003 1455 modo
1021 1401 1111 1476 capta

202 1499 333 1558 laborum
355 1505 386 1558 et
406 1499 607 1578 angustiarum
629 1499 720 1560 oblita
741 1499 852 1560 navalis
876 1499 926 1558 illa
949 1500 1109 1560 multitudo

202 1609 299 1664 totum
324 1603 399 1663 diem
422 1605 480 1663 fixa
502 1604 648 1685 stupebat.
693 1604 766 1680 Quae
790 1624 856 1663 cum
878 1604 1109 1664 Atheniensium

204 1709 303 1768 studia
329 1713 361 1768 et
387 1709 604 1768 oblectamenta
630 1714 739 1782 essent,
765 1714 965 1768 consentanea
990 1709 1027 1768 iis
1049 1709 1109 1768 fuit

203 1834 317 1894 quoque
338 1834 494 1893 puerorum
516 1813 679 1894 disciplina.
721 1814 791 1874 Tria
811 1814 889 1874 enim
911 1814 1042 1874 docenda
1061 1834 1108 1874 re·

202 1919 321 1991 bantur,
335 1924 519 1998 γραμματικὴν,
533 1923 668 1996 provocarit,
687 1924 871 1998 γυμναστικήν,
886 1919 991 2000 quibus
1012 1925 1044 1981 el
1063 1920 1107 1980 in-

203 2024 356 2084 tellectum
370 2029 400 2082 et
411 2044 506 2084 mores
520 2029 551 2083 et
565 2039 670 2104 eorpus
684 2024 931 2098 instituerentur;
951 2044 1012 2105 prae
1022 2030 1107 2084 caete-

203 2128 245 2188 ris
264 2149 333 2188 vero
351 2132 486 2203 μουσικήν,
501 2129 561 2187 sive
580 2127 732 2188 literarum
751 2129 915 2209 artiumque
929 2128 1106 2207 elegantium

203 2233 349 2292 notitiam.
393 2234 485 2313 Cujus
506 2234 643 2313 quoniam
663 2233 752 2294 finem
772 2233 1022 2314 pulchritudinem
1043 2253 1105 2294 esse

203 2336 336 2411 haberet,
351 2337 494 2398 maximus
514 2339 577 2418 ejus
596 2337 731 2398 laudator
745 2338 831 2398 Plato
851 2337 949 2398 fuitm.
990 2338 1104 2400 Aristo·

204 2439 280 2500 teles
304 2445 403 2500 autem
426 2441 536 2502 idcirco
560 2441 675 2502 doctam
697 2442 857 2521 graphicen
881 2462 994 2521 quoque
1018 2441 1105 2502 fuisse

204 2544 306 2619 tradit,
334 2555 368 2604 ut
393 2547 582 2625 pulchrorum
609 2566 763 2626 corporum
795 2547 1044 2626 contemplatione
1070 2547 1105 2606 ad

204 2647 301 2728 ipsum
325 2650 477 2729 pulchrum
505 2650 619 2710 animus
647 2651 803 2710 duceretur
811 2661 835 2708 ¹¹.
875 2651 1034 2731 Adjunctae
1061 2650 1104 2709 his

205 2762 299 2826 erant,
314 2752 339 2811 si
353 2753 417 2833 quis
432 2753 510 2812 ultra
528 2754 638 2813 erudiri
656 2754 754 2828 vellet,
768 2753 954 2835 philosophia
966 2760 998 2814 et
1010 2775 1103 2814 rerum

204 2855 387 2935 publicarum
402 2857 534 2917 scientia.
578 2858 667 2934 Quod
685 2859 711 2917 si
728 2858 858 2938 ipsorum
879 2879 973 2918 mores
992 2864 1024 2918 et
1040 2858 1103 2918 edu-

206 2960 283 3021 catio
303 2960 375 3020 adeo
394 2961 502 3020 artium
516 2963 622 3022 studiis
639 2962 788 3032 favebant,
802 2963 926 3022 accessit
939 2983 1052 3042 quoque
1067 2962 1103 3035 id,

206 3065 285 3144 quod
299 3065 428 3125 Pericles
447 3066 483 3126 de
496 3067 533 3126 iis
547 3067 690 3145 gloriatus
705 3073 759 3140 est,
774 3067 852 3147 quod
870 3073 1035 3142 ξενηλασίαις
1046 3088 1103 3128 ιιοιι

206 3168 377 3230 utebantur.
428 3171 517 3230 Unde
538 3171 711 3250 congregati
734 3191 769 3230 eo
794 3176 865 3230 nunt
888 3171 1102 3250 peregrinorum

207 3273 336 3354 quisquis
351 3283 402 3334 aut
419 3277 532 3336 artibus
546 3298 646 3337 eorum
665 3276 784 3337 studere
803 3282 854 3336 aut
871 3298 937 3336 suas
951 3277 1101 3338 communi·

207 3397 274 3439 care
297 3379 403 3454 vellet3
437 3381 635 3442 usitatissima}
661 3381 853 3461 proculdubio
878 3381 922 3442 rei
945 3382 1100 3462 exemplum

273 3515 289 3538 ¹¹
307 3509 345 3557 De
360 3510 419 3574 Rep.
433 3511 466 3559 iii.
868 3518 879 3542 ¹
897 3511 1009 3561 Pohviii.
1020 3515 1043 3561 3.
