2470 4046
537 223 577 280 39

103 389 205 452 didior
223 389 297 460 rei‚”
312 389 467 449 Romanus
487 395 575 460 ortes,
596 391 724 452 civitatis
744 393 912 472 perniciem,
927 413 1008 474 spre-

101 497 160 555 vit.
204 494 271 570 Quo
292 499 391 554 autem
414 495 512 555 animo
533 495 628 556 Roma
649 496 714 556 orbi
734 496 901 578 imperaret,
922 499 1010 560 docet

105 605 232 660 senatus
260 599 369 677 gratias
397 599 536 660 Terentio
568 605 638 680 post
663 621 795 680 pugnam
822 603 1010 664 Cannensem

107 724 213 783 egens,
235 703 315 782 quod
334 703 371 764 de
390 705 543 784 republica
561 725 624 766 nou
647 705 841 786 desperasset.
882 708 1011 788 Egregie

109 827 183 866 sane
197 807 345 866 Horatius
358 807 560 868 Hannibalem
581 809 617 868 de
634 809 713 869 victe
731 816 822 889 gente
834 811 878 872 ita
889 812 1012 891 loquen-

107 919 174 972 tem
186 911 266 986 fecit,

286 1046 302 1070 ‘⁸
311 1043 387 1090 Duris
398 1051 428 1090 ut
437 1043 486 1090 ilex
497 1049 566 1091 tonsa
580 1044 725 1107 bipennibus

310 1124 396 1186 Nigrae
408 1123 482 1172 feraci
494 1124 586 1172 frondis
597 1125 623 1172 in
635 1126 733 1188 Algido,

340 1205 388 1253 Per
399 1205 495 1264 damna,
507 1221 551 1268 per
563 1207 648 1265 credes,
661 1208 691 1254 ab
703 1208 757 1270 ipso

373 1287 449 1335 Ducit
461 1303 518 1350 opes
529 1288 687 1350 animumque
699 1290 795 1339 ferro—

310 1367 404 1416 Merses
416 1369 542 1431 profundo,
555 1367 680 1432 pulchrior
690 1372 785 1427 evenit3

308 1449 423 1508 Luctcre,
435 1451 515 1498 multe
525 1460 624 1514 proruet
635 1453 759 1514 integrum

342 1533 406 1580 Cum
418 1533 490 1580 laude
502 1533 633 1591 victorem
651 1543 767 1598 geretque

372 1613 463 1662 Proelia
474 1615 619 1678 conjugibus
630 1615 775 1678 loquenda.”

114 1727 154 1786 In
173 1727 252 1787 bello
273 1727 361 1801 enim,
384 1727 454 1788 dum
477 1728 645 1807 respublica
666 1729 734 1803 fuit,
755 1705 1014 1792 Romanus'toru·

114 1835 190 1909 fuit;
220 1840 274 1894 aut
298 1834 324 1894 si
346 1834 426 1894 inter
449 1835 619 1896 bellandum
643 1837 861 1896 oblectamenta
883 1838 1015 1918 petebat,

114 1960 178 1998 non
200 1939 238 1998 ad
260 1940 435 2000 innocentes
460 1961 555 2001 scenae
578 1948 760 2015 venustates,
783 1963 839 2002 nec
862 1943 1017 2004 literarum

118 2048 172 2102 aut
192 2043 385 2125 philosophie
407 2045 470 2104 otia
491 2065 523 2104 se
545 2046 667 2125 recepit,
690 2047 743 2106 sed
762 2047 834 2105 belli
854 2046 1017 2120 simulacre,

119 2147 213 2207 caedes
232 2153 262 2207 et
276 2154 416 2209 cruentas
434 2148 564 2208 ferarum
582 2155 614 2208 et
631 2150 785 2208 hominum
802 2169 919 2228 pugnas
932 2169 1017 2228 para-

118 2253 186 2314 bat:
206 2253 360 2334 ingenium
374 2275 445 2314 sane
459 2254 518 2314 arti
530 2253 652 2314 minime
665 2259 908 2314 consentaneum.
939 2253 1017 2312 Cum

116 2363 225 2433 autem,
252 2379 285 2418 re
314 2359 348 2418 in
376 2359 466 2418 unius
495 2359 652 2418 arbitrium
681 2378 828 2432 concessa,
858 2363 1017 2438 postquam

119 2463 234 2524 Gracia
251 2469 339 2542 cepta
351 2464 492 2523 victorem
511 2470 638 2542 ceperat,
652 2464 809 2542 Augurstus
823 2462 932 2522 artium
945 2461 1018 2522 libe-

116 2569 222 2628 relium
241 2567 341 2628 studia
356 2567 455 2628 fovere
474 2568 574 2647 coepit,
594 2567 668 2627 luxu
681 2568 745 2648 jam
763 2572 794 2626 et
812 2566 953 2645 obsequio
968 2565 1018 2625 de·

116 2672 227 2732 bilitati
250 2671 341 2730 animi
363 2672 462 2732 nobile
487 2672 643 2751 quicquum
666 2671 820 2750 concipere
842 2669 1016 2750 nequibant.

119 2776 240 2834 Strenui
260 2775 339 2834 enim
363 2776 418 2836 sub
438 2775 632 2856 principibus,
653 2776 706 2836 sed
725 2776 758 2834 in
777 2775 867 2849 vitiis,
888 2773 1019 2834 Romani

120 2883 220 2936 erunt:
241 2883 277 2936 ut
295 2878 377 2937 nulla
397 2879 569 2940 Graecorum
587 2885 658 2940 aetas
676 2880 715 2939 ad
731 2879 934 2939 Romanorum
952 2878 1019 2937 viti·

8 3055 14 3066 .
121 2999 205 3038 orum
224 2979 385 3040 foeffiutem
407 2981 469 3040 ullo
489 2981 575 3041 modo
596 2982 767 3055 accederet;
797 2981 829 3041 id
846 2981 925 3060 quod
945 2981 1018 3040 sotis

121 3083 277 3156 constabit,
297 3084 323 3143 si
344 3085 409 3164 quis
427 3085 636 3165 Aristophanis
657 3108 725 3148 cum
746 3088 767 3147 J
769 3087 900 3146 uvenalis
920 3087 1019 3167 objur-

121 3187 290 3267 gationibus
313 3188 446 3248 conferre
469 3188 549 3248 velit.
591 3191 775 3270 Degenerati
798 3196 899 3250 autem
922 3212 1019 3252 morer

120 3313 266 3374 nusquam
290 3293 392 3354 eadem
416 3293 542 3353 civitatis
566 3301 663 3369 aetate,
688 3315 747 3374 qua
768 3316 815 3356 ars
836 3295 946 3370 floruit,
971 3316 1020 3356 ex·

120 3397 257 3458 titerunt.
278 3397 415 3458 Accessit
429 3398 519 3458 etiam
532 3398 688 3478 imperitiae
702 3399 916 3480 superbiaque
929 3407 1019 3470 artes,

122 3508 155 3562 ut
168 3509 314 3579 externus,
329 3503 483 3564 Romanus
496 3504 647 3584 despexit:
668 3504 757 3580 unde,
772 3505 798 3564 si
810 3505 923 3584 poesim
934 3507 1020 3565 omit·
