2470 4046
623 245 660 300 48

196 402 317 477 Pericle,
340 403 500 464 Florentiae
523 403 577 464 sub
599 403 769 478 Laurentio,
790 405 889 463 Romae
912 403 966 463 rub
989 403 1095 463 Leone

195 507 334 582 Decimo;
354 529 409 568 nec
423 508 499 568 solas
519 508 556 568 iis
574 509 754 588 temporibus
774 513 853 568 artes
865 507 999 568 floruisse
1012 507 1096 568 vide-

194 610 297 684 bimur,
313 612 365 672 sed
377 611 533 672 illustrium
546 613 578 672 in
591 613 671 673 omui
685 633 793 693 genere
803 613 953 672 hominum
967 619 1097 692 segetes,

195 721 229 775 ut
247 737 396 796 nunquam
413 717 493 790 alios,
511 715 618 778 luisse:
641 738 696 777 uec
715 716 827 777 desidia
843 717 971 798 jacuisse
991 717 1097 798 populi

194 821 330 894 animum,
346 821 398 881 sed
411 823 539 882 Athenis
558 827 622 881 tum
641 821 757 892 fiducia,
771 843 835 901 quae
854 827 978 902 propter
997 821 1095 881 victos

195 925 301 984 Persas
323 931 355 986 et
379 925 540 984 stabilitum
565 925 717 1006 imperium
738 926 805 995 fuit,
828 947 938 986 summe
962 925 1095 1000 ardebat,

193 1051 249 1090 nec
270 1030 439 1111 frequentes
463 1032 513 1091 irae
533 1053 600 1092 mox
623 1032 656 1091 in
680 1032 790 1092 bellum
812 1031 1094 1112 Peloponnesiacum

194 1156 337 1195 exarsurae
352 1136 492 1196 desidiam
505 1137 734 1217 permittebant:
757 1136 833 1209 dum,
849 1135 1011 1195 Laurentio
1025 1135 1096 1194 Flo·

193 1239 320 1300 rentiam
351 1246 484 1318 regente,
508 1247 601 1300 totam
627 1241 777 1320 Europam
803 1239 872 1299 fidei
902 1239 1094 1300 emendandae

193 1344 287 1417 initia,
309 1350 340 1404 et
361 1345 496 1405 America
514 1367 610 1426 nuper
629 1347 751 1406 inventa
775 1350 917 1405 arrectam
939 1345 1094 1404 tenebant.

194 1450 287 1508 Roma
304 1469 372 1508 vero
393 1449 447 1508 sub
465 1449 647 1530 principibus
667 1471 732 1510 oum
751 1469 823 1528 pace
843 1448 943 1507 luxum
958 1447 1095 1507 Orienta-

192 1551 264 1612 lium
288 1558 319 1612 et
343 1553 482 1612 desidiam
505 1554 670 1634 irrepentes
695 1555 798 1626 sensit,
821 1553 925 1633 quibus
946 1552 1040 1612 virtus
1061 1558 1095 1612 et

192 1656 345 1734 ingenium
358 1677 425 1716 mox
438 1656 591 1717 cedebant.

233 1768 260 1821 3.
282 1761 369 1820 Ratio
383 1781 452 1820 vero
466 1762 614 1835 Romanis,
629 1767 663 1820 ut
677 1761 848 1842 supradixi,
862 1761 943 1821 nulla
956 1761 1013 1821 ulia
1025 1760 1093 1834 fuit,

193 1885 278 1943 quam
300 1867 467 1925 Graecorum
488 1886 608 1946 operum
628 1865 769 1926 imitatio:
798 1866 1006 1934 Athenienses,
1027 1887 1094 1925 cum

191 1968 228 2028 ad
242 1968 355 2048 species
369 1969 465 2030 animo
480 1975 636 2050 conceptor
656 1991 772 2030 manum
793 1970 920 2049 dirigere
938 1969 1093 2042 auderent,

193 2074 284 2134 multa
297 2073 472 2146 eruditione,
486 2074 586 2134 multis
601 2075 732 2135 scientiis
746 2075 826 2148 freti,
841 2076 905 2136 illas
920 2075 1094 2136 adumbrare

192 2179 384 2238 conabantur.
437 2177 524 2254 Quod
541 2180 599 2238 vim
620 2180 667 2240 vel
686 2180 838 2240 maximam
858 2180 970 2240 habuit.
1013 2179 1093 2255 Quo·

192 2283 271 2342 niam
285 2283 363 2342 enim
377 2281 470 2361 signa,
484 2303 606 2362 quorum
625 2284 764 2343 maximus
778 2290 824 2343 est
840 2285 930 2357 locus,
945 2285 982 2343 od
995 2305 1091 2343 veram

194 2407 348 2466 corporum
362 2386 582 2448 similitudinem
600 2388 711 2448 absolvi
731 2388 849 2462 debent,
863 2389 987 2447 multum
1006 2388 1043 2448 ad
1061 2389 1093 2448 id

192 2491 314 2572 prodest
324 2497 355 2550 et
368 2491 646 2564 mathematicorum,
655 2515 717 2572 quae
731 2493 950 2573 proportionem
964 2493 1092 2573 partium

193 2602 225 2656 et
238 2616 411 2669 mensuram,
425 2601 457 2656 et
471 2596 633 2670 anatomiae,
644 2618 708 2676 quae
717 2619 815 2657 reram
827 2598 948 2658 humani
961 2599 1092 2678 corporis

192 2707 327 2760 naturam
346 2701 457 2774 doceat,
473 2701 605 2761 scientia.
647 2702 793 2777 Quoniam
811 2708 909 2762 autem
921 2703 980 2762 vivi
992 2703 1091 2761 vultus

192 2825 257 2864 esse
276 2810 307 2864 et
326 2805 438 2883 spirare
459 2805 544 2884 sigua
557 2806 676 2881 debent,
690 2807 790 2866 vultus
803 2827 872 2866 vero
890 2807 1040 2866 hominum
1054 2807 1091 2866 ad

192 2908 282 2970 animi
302 2909 424 2968 affectus
444 2930 559 2990 semper
579 2917 738 2985 mutantur,
759 2911 920 2971 viventium
941 2917 1090 2991 aspectum

192 3011 302 3071 imitari
316 3011 394 3071 solus
407 3013 518 3092 poterit
532 3013 557 3072 is
571 3015 621 3094 qui
635 3015 790 3075 effectuum
801 3021 832 3074 et
842 3035 954 3074 morum
968 3013 1092 3074 scientia

193 3116 265 3176 retis
278 3099 408 3177 imbutus
423 3118 470 3177 sit.
513 3119 561 3180 De
580 3120 685 3200 quibus
704 3121 821 3179 minime
840 3140 913 3199 opus
932 3125 1028 3179 estut
1046 3139 1090 3178 re·

191 3221 292 3295 feram,
312 3227 492 3306 quantopere
514 3229 546 3282 et
566 3244 664 3282 rerum
684 3229 798 3282 ncturae
816 3228 848 3281 et
866 3243 978 3282 morum
997 3223 1090 3302 philo·

194 3313 307 3405 sophiae¹
324 3326 419 3386 Graeci
438 3327 623 3387 studuerint:
649 3333 767 3388 constat
785 3327 887 3388 eodem
905 3332 1037 3406 tempore
1057 3326 1091 3385 li·

191 3429 333 3488 beralium
347 3431 453 3490 ortium
467 3451 500 3490 ac
514 3431 705 3511 philosophiae
717 3431 814 3491 studia
827 3432 921 3511 primo
932 3439 996 3490 orta
1009 3451 1090 3504 ease3

193 3540 224 3594 et
246 3534 297 3592 ille
309 3534 373 3613 ipsa
393 3537 559 3614 geometriae
581 3542 612 3595 et
634 3537 787 3596 anatomiae
807 3535 930 3596 scientis
948 3535 1090 3616 jamtum
