2470 4046
636 193 654 254 Β

191 373 316 434 semper,
329 355 525 438 presentibus
539 375 655 437 semper
668 355 752 416 adest
763 353 804 430 id,
818 355 905 437 cujus
919 375 1014 418 oausae
1027 375 1098 417 esse

190 457 293 519 velint.
333 459 374 520 In
394 460 467 520 duas
487 469 586 520 autem
606 459 792 541 potissimum
813 466 915 540 partes
936 480 967 520 se
988 459 1098 520 dividit

190 561 254 621 haee
276 581 431 622 causarum
452 561 659 641 investigati03
691 561 815 623 alteram
838 583 948 637 earum,
971 583 1036 643 quae
1059 561 1097 622 in

190 665 322 746 ipsarum
336 666 472 744 gentium
485 666 707 726 diversitatibus
720 666 948 740 contineantur3
969 667 1097 731 alteram

192 790 301 845 earum,
316 791 381 850 que
398 771 430 831 in
450 770 584 832 dissimili
602 771 712 831 artium
730 771 960 834 exercendarum
978 771 1097 831 ratione

191 876 228 936 ab
246 876 381 956 utrisque
394 886 544 958 usurpata.
587 877 721 954 Quarum
738 877 870 958 partium
889 883 1016 958 utraque
1037 877 1097 937 ite·

191 1001 259 1040 rum
272 980 305 1040 in
318 981 470 1061 complura
488 981 586 1062 eapite
599 981 749 1043 discedet:
772 1002 838 1042 cum
854 987 885 1042 et
901 983 974 1062 ipsae
988 986 1096 1061 gentes

191 1085 322 1165 regione,
335 1085 493 1161 institutis,
507 1087 648 1157 moribus,
662 1087 784 1166 ingenio
795 1087 954 1160 differunt;
975 1092 1006 1146 et
1020 1086 1096 1146 artis

191 1189 302 1250 rationi
329 1190 529 1270 subjiciuntur
551 1197 662 1272 partes,
686 1197 722 1252 ut
746 1191 911 1266 doceamus,
936 1191 1002 1271 quis
1025 1190 1096 1251 finis

191 1295 327 1374 utrisque
337 1296 507 1376 propositus
522 1296 571 1370 sit,
582 1297 683 1377 quales
694 1297 835 1376 utrinque
845 1296 955 1356 artium
969 1295 1097 1356 studiosi

190 1397 312 1474 fuerint,
336 1420 394 1479 qua
420 1401 635 1482 preparatione
661 1407 829 1475 uterentur,
852 1406 884 1462 et
907 1401 954 1460 his
978 1399 1095 1461 similia

191 1504 238 1563 Ex
251 1504 358 1583 quibus
372 1525 440 1566 oum
451 1493 598 1566 nonnulla
607 1506 730 1587 penitus
740 1505 918 1586 jampridem
926 1505 1095 1566 examinata

192 1609 263 1679 sint,
277 1609 335 1670 alia
351 1608 414 1670 fere
431 1611 577 1690 neglecta,
595 1611 644 1672 vel
661 1611 759 1671 obiter
776 1616 897 1672 tantum
916 1631 1094 1672 commemo-

191 1718 273 1786 rate;
303 1713 339 1774 de
360 1713 486 1794 singulis
502 1715 565 1796 jam
586 1715 690 1776 ordine
709 1735 805 1796 pauca
823 1735 878 1796 pro
898 1715 978 1775 virili
1001 1714 1094 1775 disse-

193 1836 304 1876 remus.

231 1919 279 1979 De
302 1919 423 1999 regione
443 1920 537 2000 igitur
556 1920 652 2000 prima
673 1920 839 1982 dicendum.
881 1919 956 1996 Qua
976 1919 1095 2001 quidem

191 2024 328 2084 nonnihil
348 2029 428 2084 certe
448 2024 486 2084 ad
505 2024 545 2099 id,
564 2025 601 2086 de
621 2045 679 2104 quo
700 2025 867 2105 querimus,
886 2025 1023 2098 eontulit,
1043 2025 1095 2086 sed

191 2129 272 2190 haud
298 2129 359 2190 seio
386 2151 426 2190 an
452 2135 598 2210 quantum
627 2130 767 2190 nonnulli
791 2131 899 2211 saepius
924 2131 1093 2193 voluerunt.

191 2234 270 2294 Sunt
284 2234 373 2305 enim,
388 2234 440 2314 qui
453 2233 554 2294 dicant
571 2234 638 2295 ooeli
657 2240 689 2294 et
702 2239 790 2296 terrm
808 2241 946 2295 naturam
964 2255 1026 2295 non
1039 2256 1094 2294 nu·

189 2337 308 2398 trivisse
328 2343 448 2398 tantum
471 2339 583 2400 Graeois
604 2339 714 2400 artium
733 2340 869 2420 palmam,
882 2359 985 2398 verum
1003 2339 1093 2398 etiam

190 2441 307 2504 sevisse.
331 2442 407 2503 Ooeli
416 2443 497 2503 enim
506 2444 680 2516 claritatem,
693 2447 819 2523 Tempes
833 2442 961 2517 delicias,
973 2442 1093 2524 Olympi

190 2552 222 2608 et
237 2547 376 2608 Parnassi
387 2553 526 2624 terrores,
539 2549 676 2628 AEgaeum
693 2569 774 2609 mare
787 2554 835 2608 tot
853 2547 959 2608 insulis
973 2549 1092 2610 distine-

190 2659 265 2729 tum,
285 2655 338 2714 has
361 2676 445 2716 veras
472 2655 644 2716 Graeoorum
665 2655 772 2714 Musas
791 2653 884 2713 fuisse
904 2653 1093 2729 existImant;

190 2759 260 2819 hino
267 2779 390 2839 poeseos
401 2759 577 2833 ubertatem,
586 2759 656 2819 hino
666 2758 818 2838 signorum
828 2757 1079 2838 pulchritudinem
1085 2785 1093 2835 ;

189 2883 246 2923 neo
259 2863 362 2942 generi
376 2863 428 2923 sed
440 2862 512 2924 locis
525 2862 649 2922 numina
662 2862 814 2922 efflavisse.
848 2862 911 2921 Alii
923 2883 1001 2937 vero,
1014 2864 1093 2946 iique

190 2967 415 3047 prudentissimi
425 2967 569 3038 homines,
580 2966 618 3026 ad
630 2966 781 3046 regionem
791 2972 871 3026 artes
880 2966 919 3048 (si
931 2988 994 3028 non
1007 2988 1093 3028 eune·

190 3076 247 3144 tas,
274 3075 306 3130 at
329 3091 379 3130 eas
401 3076 490 3146 certe,
512 3091 577 3149 qum
599 3070 632 3129 in
655 3070 750 3130 forma
773 3069 857 3150 sunt)
878 3072 1028 3152 pertinere
1050 3073 1093 3134 ita

190 3176 314 3251 ducunt,
334 3175 413 3255 quod
432 3178 561 3234 vestium
580 3174 760 3235 moderatrix
779 3175 861 3255 regio
879 3182 936 3247 est,
957 3177 1092 3238 Graecum

190 3285 292 3342 autem
313 3279 421 3340 ooelum
444 3278 554 3338 formas
578 3279 745 3358 apertiones
768 3280 849 3354 sinit,
869 3279 947 3340 ludis
971 3286 1002 3340 et
1022 3281 1092 3340 foris

190 3383 421 3464 apricationibus
442 3381 531 3444 favet.
572 3381 674 3442 Tertia
703 3383 803 3462 opinio
830 3389 876 3444 est
903 3403 1015 3453 eorum,
1043 3384 1092 3464 qui

190 3489 264 3548 ooelo
281 3493 312 3548 et
329 3486 445 3566 regioni
458 3487 639 3567 singularem
657 3487 738 3548 illam
751 3477 981 3548 Atheniensium
995 3487 1090 3548 hilari·
