2470 4046
213 365 247 420 et
266 361 389 422 heroum
408 359 510 421 laudes
530 359 682 422 versiculis
701 358 840 435 inclusae,
860 357 1009 422 memoriae
1028 356 1118 420 credo

211 485 312 542 causa,
331 465 410 527 fama
429 465 622 546 accepimus&
662 464 740 547 Ipsae
756 464 933 546 jamdudum
952 463 1116 544 perierunt.

213 570 346 631 Ennium
359 576 461 631 autem
473 574 526 630 aut
540 569 702 630 Pacuvium
715 570 781 650 quis
794 569 893 649 legere
907 566 1049 647 curaret?
1073 567 1118 628 At

213 676 247 736 in
266 677 387 752 Graecia,
407 675 502 737 veluti
520 683 557 736 et
576 675 656 736 lovis
676 676 775 755 capite
793 674 946 734 ferebatur
969 673 1116 748 Minerva,

212 780 303 840 itaer
316 781 443 840 Homeri
456 779 558 841 Poesis
571 779 674 840 adulte
686 784 719 840 et
732 784 846 840 armata
858 779 1006 860 prosiluit.
1032 778 1116 854 Quin

211 884 328 946 diversa
338 885 426 945 initia
438 885 559 946 diverses
572 903 688 964 quoque
702 883 794 945 series
808 887 917 944 secutae
931 887 1013 943 sunt.
1035 882 1117 942 Edu·

212 995 299 1050 caten·
310 989 471 1070 AEschylns
488 989 535 1049 vel
554 988 722 1069 Sophocles,
736 988 812 1048 alter
829 987 973 1048 ineffabili
990 987 1117 1067 quadam

208 1094 412 1156 immensitate
425 1099 633 1173 contorquens,
646 1092 723 1154 alter
738 1092 801 1152 leni
819 1112 876 1154 nec
894 1091 1033 1152 imitabili
1050 1111 1117 1153 sua·

211 1200 306 1260 vitate
319 1199 477 1280 profluens.
516 1199 683 1276 Quemnam
696 1198 900 1279 componitis?
920 1206 1034 1260 certare
1048 1219 1117 1260 cum

211 1303 354 1385 AEsehylc
367 1303 540 1384 Euripidem
560 1303 593 1363 in
611 1303 705 1362 risum
718 1303 847 1363 Athenis
868 1302 986 1376 detulit,
1000 1308 1032 1362 at
1048 1324 1117 1364 cum

211 1407 354 1487 Euripide
367 1408 538 1468 Romanum
550 1427 641 1468 nunc.
683 1406 800 1466 Imitati
819 1427 890 1467 sane
909 1405 1028 1486 egregie
1044 1411 1117 1466 sunt

214 1511 334 1572 Grecos
347 1512 484 1572 Romani.
526 1511 653 1591 Virffl'lio
666 1512 811 1572 honorem
824 1512 898 1572 iecit
911 1511 1039 1572 Homeri
1052 1532 1116 1572 um-

210 1617 272 1692 bra,
297 1624 410 1680 sertum
436 1618 592 1678 intexuere
615 1618 763 1679 Theocriti
789 1618 886 1679 liores.
927 1618 1020 1679 Alcaei
1044 1619 1116 1698 Sep·

210 1723 346 1803 phusque
363 1723 543 1804 imaginibus
563 1729 687 1784 ornatus
707 1724 859 1806 spatiatim
872 1724 1006 1784 Flaccus.
1048 1723 1116 1782 Me-

210 1827 318 1887 nandri
337 1833 369 1888 ct
389 1827 564 1908 Apollodori
582 1828 697 1888 fabulas
718 1828 836 1888 Latinis
857 1829 1012 1907 eleganter
1033 1826 1116 1886 dedit

212 1931 378 2007 Terentius,
404 1933 545 1994 rusticius
572 1931 728 1994 sedidem
752 1932 861 1992 fortius
889 1932 1016 1992 Plautus
1042 1931 1114 2011 Epi-

209 2035 330 2095 charmi.
373 2037 486 2118 Satyroe
509 2038 571 2098 vias
594 2037 719 2117 primam
742 2036 898 2097 incessisse
919 2038 1021 2096 &mae
1044 2056 1114 2096 con·

211 2137 350 2198 cedatur:
372 2140 550 2201 concedatur
569 2140 723 2200 nonnullis
743 2139 921 2200 Latinorum
940 2140 1015 2214 laus,
1035 2140 1115 2220 quod

210 2244 276 2324 pari
302 2245 397 2324 gradu
422 2246 523 2326 plures
548 2267 673 2328 poeseos
700 2265 819 2326 campos
845 2245 998 2326 pervagati
1030 2250 1112 2305 sunt.

205 2350 372 2430 ingenium
391 2358 492 2413 eutem
512 2359 544 2414 et
563 2373 651 2415 verns
670 2353 721 2413 ille
740 2352 875 2432 poeticus
894 2351 1020 2424 afflatus,
1042 2351 1114 2411 dum

211 2454 324 2515 (ir-recia
336 2455 403 2529 fuit,
416 2477 569 2537 nunquam
578 2463 699 2518 tantum
713 2457 750 2516 ab
764 2455 908 2515 Helicone
918 2455 1112 2516 exsulabant:

167 2573 168 2578 ’
210 2575 266 2616 nec
281 2556 459 2618 Parnassum
477 2559 619 2639 Esquiliis
631 2565 801 2640 permutare
817 2559 963 2618 Oamoenoe
981 2579 1113 2639 unquam

203 2659 420 2740 dignabuntur.

253 2764 328 2841 Quae
349 2766 374 2825 si
393 2787 463 2828 vere
476 2766 599 2826 collecta
619 2771 700 2837 sunt,
714 2766 828 2826 nemini
846 2765 935 2826 credo
954 2785 1018 2827 non
1038 2768 1111 2827 satis

210 2876 347 2930 constare
367 2871 525 2946 videbitur,
539 2872 649 2931 artium
669 2871 834 2932 liberalium
853 2872 999 2933 Graeciam
1018 2873 1112 2935 fuisse

209 2974 343 3054 patriam,
363 2978 490 3035 Romam
508 2975 629 3035 nonnisi
649 2974 795 3035 officinam
815 2976 970 3056 quandam,
991 2978 1024 3038 in
1043 2998 1110 3058 qua,

211 3078 288 3138 sicut
308 3079 438 3139 inludis
458 3079 552 3159 pueri,
571 3077 682 3138 imitari
702 3079 814 3139 tradita
832 3081 965 3161 exempla
983 3083 1111 3143 artifices

210 3181 403 3258 conabantur,
423 3203 520 3263 neque
542 3182 601 3262 ipsi
620 3182 776 3262 quicquam
800 3185 952 3265 proprium
976 3186 1121 3250 invenire.

202 3287 284 3361 ausi,
305 3307 370 3358 nee,
395 3307 460 3365 quse
482 3287 516 3346 in
538 3287 674 3346 manibus
697 3287 855 3362 habebant,
879 3290 1013 3370 exempla
1037 3291 1110 3352 satis

209 3391 308 3471 periti,
322 3391 374 3473 qui
386 3391 583 3473 adequarent.
627 3391 716 3468 Quod
728 3397 760 3452 et
772 3391 844 3472 ipsis
858 3391 1000 3454 &manis
1013 3395 1109 3456 visum

562 3531 573 3566 Ι
592 3523 641 3574 Cic.
654 3525 752 3573 Brutus.
