2470 4046
551 241 590 299 23

113 403 242 460 Romam
264 400 395 460 Athenis
417 421 532 482 aequare
552 423 615 462 non
635 403 745 484 potuit.
786 403 826 462 In
847 401 1021 482 obsequium

112 506 198 566 enim
215 511 290 581 tum,
304 511 340 566 ut
358 527 511 587 nunquam
529 509 611 579 alias,
625 509 725 569 omnia
738 514 828 568 erunt
844 507 1021 588 composita:

111 616 231 690 postca,
245 610 412 690 imperante
432 613 597 684 Hadriano,
617 613 790 693 degenerati
812 633 908 672 mores
927 618 1022 671 artem

38 699 42 704 ⁵
114 735 236 794 quoque
259 715 500 795 inquinaverunt.
543 719 641 778 Senex
664 724 764 778 autem
781 717 844 798 jam
868 719 1021 778 Romane

113 819 233 878 artibus
262 820 369 895 dabat;
403 822 544 900 quamdiu
571 824 651 882 enim
675 823 831 904 juventate
859 823 962 902 viguit,
989 823 1022 882 in

113 925 196 984 bello
216 931 283 985 tota
301 926 370 988 fuit.
413 927 480 988 Nec
500 929 569 987 solae
590 929 612 988 J
613 929 663 988 ani
682 929 761 988 fores
776 949 892 1008 semper
911 932 1022 1007 apertae

116 1033 213 1088 artem
232 1029 450 1109 impediebant:
474 1030 527 1089 sed
544 1050 562 1089 a
579 1030 700 1108 regibus
714 1031 753 1090 ad
769 1031 919 1110 principes
937 1033 971 1090 in
987 1052 1022 1091 eo

116 1153 236 1212 semper
256 1134 354 1193 Roma
374 1133 441 1208 fuit,
463 1139 499 1193 ut
522 1155 576 1213 pro
601 1134 731 1194 civitate·
744 1147 896 1214 perpetua
919 1136 1024 1216 populi

115 1257 187 1298 cum
200 1237 287 1317 plebe
301 1238 505 1298 dimicationes
519 1248 629 1309 essent,
640 1259 698 1325 nec
711 1245 774 1298 tam
791 1240 885 1299 libera
897 1241 1021 1320 respub-

114 1340 175 1400 lica
201 1361 289 1420 quam
315 1341 438 1400 alterius
464 1343 558 1422 partis
586 1342 746 1403 dominatio
779 1343 1020 1418 continuaretur3

116 1447 199 1506 unde
218 1468 274 1507 uec
294 1447 390 1507 otium
410 1448 548 1527 cuiquam
560 1467 616 1508 neo
636 1447 836 1528 tranquillitas
850 1449 888 1508 ad
908 1450 1018 1508 artium

118 1551 220 1612 studia
240 1552 376 1631 contigit·
418 1552 545 1612 Artibus
566 1553 646 1612 enirn
664 1557 717 1612 aut
737 1553 888 1612 venustati
907 1573 964 1613 nec
984 1555 1021 1613 ab

118 1655 238 1716 homine
258 1677 315 1716 nec
336 1677 354 1715 a
374 1655 492 1716 civitate
513 1662 584 1716 ante
606 1657 754 1730 studetur,
768 1677 856 1737 quam
878 1658 968 1717 saluti
989 1663 1022 1718 et

116 1761 323 1821 necessatibus
343 1761 495 1840 provisum
516 1762 571 1835 sit;
591 1783 656 1835 nec,
671 1761 722 1842 qui
736 1762 841 1842 capitis
862 1763 960 1823 minor
974 1764 1023 1836 sit,

118 1865 157 1924 ad
177 1874 255 1924 artes
269 1869 301 1924 et
319 1865 391 1924 alias
409 1885 457 1924 res
471 1866 600 1944 agendus
618 1867 702 1946 prius
715 1873 859 1940 vertetur,
874 1887 962 1947 quam
976 1868 1023 1927 sui

119 1968 276 2028 arbitrium
294 1973 347 2028 aut
365 1975 543 2029 consecutus
563 1971 612 2042 sit,
627 1976 680 2030 eut
698 1972 840 2050 consequi
854 1993 885 2031 se
898 1973 1023 2051 nequire

121 2071 299 2150 experiendo
323 2073 468 2134 didicerit.
511 2075 610 2149 Quare
637 2095 692 2134 nec
719 2075 844 2136 florento
871 2077 1024 2155 republica

120 2174 219 2234 bellici
237 2177 394 2250 tumultus,
408 2199 464 2238 nec
483 2184 657 2239 senescente
672 2180 727 2239 sub
740 2180 924 2259 principibus
939 2181 1023 2240 obse-

121 2279 231 2359 quium,
245 2281 386 2342 Romanae
400 2283 457 2342 arti
476 2283 701 2343 conveniebant.
745 2283 835 2358 Quod
850 2284 876 2342 si
890 2285 1022 2362 singulas

119 2385 200 2464 leges
224 2387 419 2460 conferamus,
439 2387 570 2448 Athenis
592 2388 659 2468 lege
682 2387 817 2461 vetitum,
841 2407 880 2447 ne
905 2389 1024 2448 servitia

121 2490 234 2550 artibus
253 2491 425 2553 liberalibus
446 2493 619 2567 studerent;
648 2513 707 2570 quo
727 2493 861 2552 honestis
885 2493 1022 2554 manibus

120 2617 161 2656 eae
187 2597 433 2671 reservabantur3
464 2604 495 2658 et
521 2599 650 2677 liturgiae
677 2597 747 2668 illes,
771 2618 844 2677 quas
867 2598 1023 2673 vocabant,

120 2719 227 2777 magno
242 2719 310 2758 cum
323 2701 435 2760 artium
452 2702 627 2781 adjumento
645 2704 793 2762 instituta
808 2707 896 2761 sunt:
919 2703 1023 2761 Romae

122 2802 220 2862 nescio
245 2822 285 2860 an
308 2803 454 2884 conjicere
481 2806 578 2879 liceat,
603 2807 672 2884 quia
698 2807 849 2866 fabrorum
873 2810 904 2864 et
927 2805 1024 2865 tibici-

123 2923 195 2960 num
218 2907 370 2966 centurias
394 2909 569 2988 accepimus,
595 2910 685 2970 certis
707 2910 871 2994 ordinibus,
894 2909 971 2968 sicut
992 2909 1025 2968 iu

8 3075 15 3083 .
123 3005 262 3084 AEgypto,
277 3017 355 3067 artes
375 3009 418 3069 ita
438 3013 602 3090 permissas
616 3033 690 3087 esre,
704 3020 739 3072 ut
759 3013 924 3072 hereditate
944 3012 1022 3072 filius

123 3107 153 3166 in
172 3107 267 3186 patris
287 3115 381 3170 artem
406 3114 593 3186 succederet;
622 3135 681 3191 quo
704 3115 780 3174 nihil
804 3119 905 3192 potest
929 3116 1023 3193 magis

123 3213 177 3274 arti
190 3232 314 3286 nocere;
334 3213 450 3274 nobiles
463 3218 549 3296 pueri
562 3239 600 3277 ne
614 3218 647 3276 in
665 3238 754 3277 scena
772 3223 872 3296 partes
891 3224 1023 3297 agerent,

123 3320 263 3393 vetitum3
297 3321 466 3382 consulares
492 3324 570 3384 viros
598 3329 705 3384 senatu
732 3345 749 3384 a
776 3345 897 3385 censore
924 3332 1022 3386 motos

124 3424 290 3504 accipimus,
311 3425 363 3505 qui
386 3425 488 3486 decem
511 3428 610 3508 pondo
631 3428 748 3508 argenti
771 3427 844 3488 facti
867 3430 1023 3505 haberent,

125 3528 194 3590 adeo
225 3529 258 3590 in
285 3529 505 3611 simplicitatem
532 3553 566 3594 ac
593 3533 801 3614 parsimoniam
829 3535 929 3596 omnia
955 3555 1024 3595 con·
