2470 4046
577 231 618 292 15

138 393 234 455 centis
260 393 293 454 in
315 393 406 454 Italia
430 391 554 475 picturae
584 401 616 456 et
640 395 790 456 statuariae
816 395 930 454 nullam
956 395 1043 456 aliam

138 519 258 560 oausam
271 500 363 560 fuisse
377 507 504 575 constat,
514 501 574 560 nisi
592 507 629 560 ut
642 506 819 562 ornarentur
833 506 942 560 sanotae
956 501 1043 570 aedes,

116 645 121 652 .
138 607 193 660 aut
206 601 303 680 effigie
317 602 501 682 proferretur
516 603 563 662 vel
582 603 647 682 ipse
662 604 801 663 Christus
821 604 868 664 vel
888 604 992 684 aliquis
1009 621 1045 663 ex

139 704 333 764 sanctissimis
347 724 458 778 eorum,
473 725 547 784 quos
564 705 712 784 praeoipuo
725 705 838 766 honora
854 711 886 766 et
903 707 1046 767 memoria

138 829 262 888 quaque
281 808 354 869 urbs
373 818 609 889 prosequeretur.
654 810 776 872 Grseoiae
795 810 838 870 ita
858 831 889 870 se
908 831 973 871 rem
992 811 1045 871 ha·

137 913 240 974 buisse
253 914 444 994 perspicuum
457 919 513 984 est,
528 935 596 976 oum
614 915 724 975 multas
742 921 812 996 post
831 916 967 977 inventas
981 916 1046 996 pin·

138 1018 229 1097 gandi
243 1025 274 1078 et
288 1020 439 1080 statuariae
453 1024 532 1080 artes
547 1019 739 1101 Olympiadas
757 1020 839 1081 nulla
858 1021 901 1081 ibi
915 1025 1046 1082 exstaret

138 1124 267 1185 hominis
281 1125 402 1204 effigies,
417 1125 474 1185 Dis
487 1131 578 1205 atque
597 1125 736 1187 heroibus
755 1127 814 1186 iste
827 1106 939 1187 bonore
952 1147 1046 1188 roser·

138 1233 226 1287 vato:
254 1227 327 1306 quin
346 1232 379 1286 et
398 1232 469 1287 ante
490 1247 591 1287 earum
610 1228 813 1288 inventionem
834 1249 898 1290 mos
919 1229 978 1289 fuit
1001 1229 1046 1288 in-

139 1331 250 1392 somnes
262 1332 384 1412 lapides,
398 1353 459 1392 non
477 1342 512 1391 ut
527 1334 657 1392 Deorum
679 1332 801 1412 effigies,
815 1333 868 1394 sed
887 1340 923 1394 ut
943 1355 1046 1394 eorum

140 1441 256 1496 naturae
270 1455 304 1495 ae
316 1457 474 1496 munerum
488 1436 571 1515 quasi
584 1436 670 1514 signa
682 1437 816 1515 quadam
830 1439 891 1498 sive
904 1439 1045 1517 symbola,

49 1559 52 1566 ’
141 1542 292 1615 venerari3
326 1542 413 1622 eujus
437 1541 571 1621 exempla
597 1541 710 1602 diutius
737 1543 898 1604 manebant
925 1543 1046 1603 Hermas

141 1643 186 1704 illi
206 1642 345 1716 Athenis,
369 1643 472 1703 Romu
496 1643 605 1724 Priapi,
628 1642 671 1705 ot'
682 1646 763 1707 inter
786 1645 844 1705 alia
867 1645 972 1706 Venus
995 1645 1047 1705 illa

141 1748 264 1829 Paphia,
278 1768 367 1830 quam
387 1767 481 1827 usque
501 1748 539 1808 ad
559 1769 643 1809 suam
663 1757 783 1812 aetatem
797 1751 917 1810 Tacitus
936 1750 1047 1811 cultam

139 1853 234 1914 fuisse
264 1851 418 1913 tradidit¹:
446 1852 591 1934 principio
621 1856 732 1934 passim
759 1854 887 1915 stabant.
943 1855 1048 1916 Roma

140 1957 252 2016 multos
275 1962 345 2036 post
367 1957 472 2017 urbem
496 1957 645 2018 conditam
666 1979 759 2018 annos
783 1959 902 2037 signum
925 1961 1047 2037 prorsus

143 2057 260 2118 nullum
278 2057 354 2131 iuit3
374 2059 532 2139 Tarquinio
548 2065 703 2138 regnante,
716 2061 845 2140 primum
862 2060 1047 2140 immigrasse

144 2179 181 2222 ea
201 2161 356 2234 ferentem
383 2182 439 2223 neo
461 2163 582 2243 injuria.
623 2164 758 2224 Romano
781 2164 861 2225 enim
884 2185 946 2224 non
969 2166 1047 2226 fietse

142 2270 298 2346 poetarum
318 2265 423 2327 fabulae
443 2267 656 2348 mythologiam
675 2268 828 2329 lecerunt:
850 2268 961 2329 Martis
980 2263 1047 2349 pro'·

142 2370 244 2449 genios
257 2371 336 2432 bello
349 2376 381 2433 et
394 2372 483 2432 armis
496 2377 651 2454 parentem
660 2372 744 2432 valde
755 2372 1048 2452 eomprehensibilem

142 2475 295 2536 colebant:
316 2476 388 2556 quid
405 2476 450 2536 illi
468 2476 570 2536 formis
588 2478 721 2537 Deorum
741 2497 815 2556 opus
834 2476 918 2538 fuit?
959 2477 1048 2554 Quod

142 2579 168 2638 si
181 2600 198 2639 e
209 2580 343 2642 Deorum
357 2581 442 2640 cultu
455 2601 503 2641 ars
516 2581 674 2656 oriebatur,
684 2586 793 2642 nabun
806 2581 906 2641 evenit
919 2585 955 2642 ut
968 2581 1048 2642 simi-

141 2683 179 2742 lis
199 2703 235 2742 ea
254 2689 334 2743 esset
354 2682 422 2756 ei,e
440 2703 499 2762 quo
519 2689 584 2744 orta
603 2692 667 2744 est:
688 2684 715 2744 si
727 2684 854 2745 obseura
871 2684 984 2764 religio,
997 2685 1048 2746 ob·

143 2807 230 2848 saura
243 2808 360 2867 quoque
373 2807 437 2862 ars3
458 2787 485 2848 si
502 2789 626 2869 pulchra
638 2809 672 2848 ao
685 2789 771 2848 finita
783 2788 897 2868 religio,
912 2789 1047 2869 ejusdem

143 2891 223 2950 modi
241 2911 358 2970 quoque
376 2911 434 2953 ars.
476 2892 583 2971 Itaque
596 2893 817 2972 AEgyptiorum‚
831 2911 956 2971 quorum
970 2911 1049 2972 mys·

143 2995 210 3054 tioae
230 3000 263 3056 et
283 2994 437 3056 horrenda
456 2995 614 3074 religiones
633 3001 714 3065 sunt,
735 3016 828 3076 eaque
848 2996 1050 3058 sacerdotibus

143 3099 265 3166 ineerta,
279 3098 394 3158 caeteris
407 3119 527 3179 prorsus
545 3099 628 3160 nulla
647 3100 786 3180 opinione
800 3098 989 3173 adumbratae,
1003 3121 1049 3162 re·

144 3202 264 3282 spondit
284 3203 423 3282 religioni
442 3223 498 3264 ars.
540 3204 662 3283 Templa
675 3223 778 3264 eorum
790 3202 823 3264 in
836 3208 917 3264 terra
930 3211 1049 3268 cavata:

143 3307 244 3368 omnia
261 3305 294 3366 in
311 3307 524 3368 obscuritatem
539 3313 570 3366 et
583 3313 728 3367 terrorem
745 3307 1048 3387 oomposita31imul·

106 3443 109 3448 ·
143 3412 232 3476 achra
257 3417 311 3474 aut
336 3432 490 3492 nunquam
515 3411 645 3474 visarum
670 3412 847 3482 belluarum,
869 3411 1049 3496 sphyngum,

481 3537 490 3578 ¹
506 3540 564 3590 Tae.
577 3541 641 3591 litat.
654 3541 679 3590 ii.
690 3543 713 3593 2.
