2470 4046
588 198 608 259 7

145 389 214 432 osse
224 373 352 431 constat,
380 366 485 428 Iaioeat
497 367 639 447 exemplis
652 367 700 427 nti
712 372 745 428 et
754 367 893 450 Horatio,
903 367 956 446 qui
967 372 986 401 “
993 388 1046 448 pa-

148 481 238 550 teras,
264 479 297 534 et
325 471 469 553 tripodas,
495 472 617 551 praemia
646 471 770 532 fortium
798 471 987 546 Gvaiorum‚”
1015 491 1048 532 se

149 579 267 653 babere,
281 583 314 638 et
327 583 344 612 “
353 577 474 637 divitem
488 577 606 650 artium,
621 575 704 652 Quas
722 583 776 635 aut
795 576 968 636 Parrhasius
981 597 1048 657 pro·

147 684 223 743 tulit
251 687 305 742 aut
336 683 476 761 Soopas,''
505 700 571 741 esse
603 681 766 760 gloriatur:
800 687 834 741 et
863 681 969 754 Tullio,
996 681 1049 761 qui

151 789 325 849 Greoorum
348 806 438 866 opera
459 785 619 865 colligendi
644 785 779 866 cupidus,
803 786 937 846 “Genus
960 787 1047 857 hoo‚’'

149 893 258 973 inquit,
284 896 359 952 “est
385 890 547 970 voluptatis
572 891 683 951 meae:”
718 897 868 970 negatque
894 911 927 952 se
952 890 1050 951 Attici

149 997 242 1058 libros
254 997 354 1058 Crassi
365 996 484 1065 divitiis,
494 1015 534 1055 ne
542 1000 610 1055 toto
622 995 742 1075 quidem
755 996 826 1056 orbe
836 1001 953 1056 mutare
965 996 1049 1056 velle.

151 1103 242 1179 Quod
255 1103 281 1162 si
293 1102 351 1175 hie,
365 1111 505 1180 tamquam
523 1099 557 1159 in
572 1099 684 1173 limine,
698 1100 820 1175 diutius,
833 1109 869 1160 ut
885 1101 919 1160 in
931 1121 965 1161 re
978 1101 1050 1160 satis

149 1207 280 1287 eognita‚
300 1206 451 1267 immorati
469 1225 535 1264 esse
556 1204 604 1264 oui
623 1204 797 1278 videbimur,
810 1210 843 1264 at
863 1205 958 1265 satius
978 1204 1052 1264 mibi

149 1312 246 1372 visum
259 1316 307 1371 est
323 1315 447 1391 propter
459 1310 507 1369 vel
525 1309 643 1369 notiora
661 1309 794 1389 exempla
807 1309 961 1389 proposita
974 1308 1051 1369 dios·

150 1415 252 1475 utatis
275 1415 387 1476 crimen
412 1414 530 1488 subire;
559 1431 650 1493 quam
675 1419 799 1494 psopter
824 1414 933 1473 omissa
958 1413 1052 1494 negli-

152 1521 270 1600 gentia.
309 1520 385 1588 Neo,
398 1519 465 1598 ipsa
476 1539 510 1578 re
522 1522 644 1590 incerta,
657 1535 753 1576 eausa
766 1517 859 1596 queri
872 1517 990 1577 debent.

193 1627 263 1687 Jam
283 1626 322 1686 ad
340 1625 430 1698 illam,
450 1644 516 1704 qua
535 1623 655 1704 propria
676 1622 825 1683 institutae
847 1623 971 1703 hujusce
991 1624 1051 1684 dia-

150 1730 318 1812 putationis
330 1735 388 1804 est,
401 1728 596 1809 quaestionem
613 1727 878 1807 progrediendum
899 1736 934 1787 ut
948 1748 1051 1788 causas

151 1837 266 1896 seilicet
289 1836 456 1907 domamus,
480 1855 534 1894 our
556 1834 589 1894 in
614 1833 781 1893 liberalium
808 1834 918 1894 artium
944 1835 1052 1895 studiis

151 1940 280 2000 Romani
294 1939 407 2000 Gracia
419 1941 468 1998 vix
481 1959 576 2019 parea,
585 1937 697 1998 nedum
707 1938 882 2018 superiores,
893 1940 1051 2002 evaserint.

153 2041 195 2100 In
217 2061 276 2120 quo
298 2043 601 2115 animadveitondum,
622 2063 684 2102 non
705 2047 768 2100 tam
787 2063 877 2115 nano,
899 2063 965 2122 qua
986 2063 1051 2103 esse

153 2145 309 2222 potuerint
331 2163 435 2213 oausae,
457 2151 559 2206 mente
582 2151 614 2204 et
637 2146 817 2224 cogitatione
839 2147 913 2225 fingi
934 2145 1051 2220 debere,

152 2265 252 2325 quam,
276 2267 341 2327 qua
362 2247 484 2323 fuerint,
509 2269 526 2308 e
549 2269 648 2309 rerum
674 2249 799 2308 historia
822 2250 931 2329 expeti.
973 2251 1051 2311 Cum

152 2355 255 2411 autem
276 2353 429 2413 nonnullis
448 2375 561 2424 eorum,
582 2354 635 2434 qui
656 2353 769 2413 dehac
788 2354 898 2434 rojam
919 2354 1051 2434 disputa·

152 2462 270 2530 vei-imt,
290 2457 364 2517 satia
385 2458 483 2518 visum
503 2467 549 2518 est
571 2459 758 2518 diversitates
778 2458 903 2518 duarum
925 2459 1051 2519 istarum

151 2560 288 2638 gentium
295 2581 486 2634 enumerare3
506 2562 590 2641 quasi
601 2561 767 2621 necessario
780 2561 825 2622 hae
833 2581 928 2622 causa
937 2561 1051 2624 fuerint

152 2662 226 2742 ejus
237 2662 274 2722 de
287 2683 345 2742 quo
359 2664 545 2743 queiebant:
569 2669 622 2722 aut
639 2683 744 2743 parum
760 2663 870 2724 curiosi
887 2663 920 2723 id
936 2664 1051 2744 ingenii

152 2771 208 2841 ost,
231 2772 285 2826 aut
307 2768 341 2826 in
364 2767 600 2846 argumentando
622 2787 729 2846 pavum
752 2768 915 2828 meinati
964 2769 1050 2828 Inso-

152 2872 257 2950 quenii
273 2871 368 2951 igitur
385 2873 433 2932 via
449 2871 568 2932 inoedet
585 2872 648 2930 haee
666 2871 829 2951 disputatio
847 2878 967 2932 nostia:
987 2893 1050 2933 non

152 2981 272 3036 tantum
284 2976 483 3056 proprietatos
499 2975 656 3055 utriusque
669 2976 769 3054 gentis
788 2975 988 3054 indagabitur,
1001 2996 1049 3036 ve·

152 3099 219 3140 mm
242 3081 342 3155 etiam,
365 3086 513 3161 quatenus
536 3100 637 3140 earum
664 3099 786 3159 quoque
809 3081 918 3141 artium
941 3082 1049 3143 studiis

150 3183 321 3255 intumet,
339 3205 408 3245 eum
428 3205 464 3244 ex
483 3185 615 3264 ipsarum
632 3184 727 3258 fastis,
741 3190 807 3244 tum
825 3186 914 3244 etiam
933 3187 1049 3246 collatis

151 3288 276 3349 aliarum
294 3290 430 3368 gentium
448 3287 589 3369 exemplis
606 3288 807 3367 investigabit.
850 3289 955 3350 Causa
968 3290 1048 3350 enim

152 3391 296 3472 cujusque
308 3391 353 3452 rei
364 3391 467 3451 haberi
480 3390 599 3463 debent,
611 3411 682 3462 non,
696 3411 761 3468 quae
775 3391 866 3450 semel
878 3393 925 3450 vel
937 3392 1048 3454 iterum

152 3515 221 3556 eum
238 3517 275 3556 ea
290 3496 451 3577 conjuncta
468 3501 549 3572 sunt,
563 3494 624 3571 sed,
641 3493 750 3573 quibus
766 3494 950 3570 absentibus,
963 3498 1048 3558 abest
