2470 4046
630 227 668 284 14

197 387 364 462 opportuna
386 383 501 446 Graecia
522 387 614 448 111111
632 389 725 468 magis
746 409 832 468 quam
851 389 947 450 Roma
962 389 1108 469 jacebat:

198 488 310 566 exigua
326 488 495 550 Graecorum
509 491 644 552 civitates
660 494 842 554 aemulatione
856 494 1111 567 accendebantur,

198 613 262 670 qnae
283 593 316 651 in
334 614 395 654 uno
418 594 618 655 Romanorum
638 597 760 676 imperio
779 598 861 658 nulla
879 598 953 658 fuit:
978 599 1110 658 materia

199 696 324 776 denique
338 698 385 758 his
398 719 498 778 prava,
511 701 570 760 illis
580 722 666 781 quam
678 703 924 782 praestantissima
937 705 1069 766 accessit.

237 804 285 862 De
308 805 430 884 regione
451 805 546 885 igitur
566 808 719 868 hactenus.
762 809 853 870 Nunc
877 810 915 869 ad
938 809 1107 870 secundum

195 906 270 966 illud
294 928 403 982 eamus,
424 915 469 980 ut,
489 911 700 971 institutorum
720 911 930 972 dissimilitudo
953 918 1107 991 quatenus

198 1012 236 1072 ad
262 1014 443 1092 propositam
470 1015 665 1094 quaestionem
690 1016 850 1096 pertineat,
878 1017 1105 1096 investigemus.

198 1117 346 1178 Instituta
369 1124 470 1178 autem
494 1125 565 1180 sunt
592 1124 645 1178 aut
669 1140 758 1192 11111,
779 1141 905 1199 quorum
930 1125 1002 1180 sunt
1025 1141 1106 1200 qum-

105 1259 109 1268 ,
198 1245 315 1304 cunque
338 1226 376 1286 ad
400 1228 533 1287 Deorum
556 1228 670 1287 cultum
692 1227 854 1307 pertinent,
878 1227 950 1300 ludi,
976 1246 1105 1306 pompm,

199 1330 289 1403 chori,
312 1331 378 1411 ipsa
400 1332 499 1392 cultus
519 1327 605 1404 ratio,
628 1331 749 1411 templa,
771 1337 803 1391 et
825 1325 872 1390 lis
896 1331 1019 1404 similia3
1049 1335 1105 1390 aut

198 1434 382 1514 civiliaque
402 1435 440 1494 ad
458 1436 679 1514 rempublicam,
697 1441 734 1495 ut
753 1436 843 1514 leges,
864 1435 1003 1496 ordinum
1022 1435 1106 1496 inter

198 1560 230 1599 se
252 1539 933 1619 11111111111111111111ο111111,111111111
951 1561 1013 1600 non
1033 1559 1105 1600 con-
1193 1559 1196 1567 ’

199 1644 358 1704 suetudine
384 1649 503 1704 tantum
531 1645 584 1704 aed
609 1645 703 1704 finitis
730 1645 842 1724 regulis
870 1645 1103 1708 constituantur.

199 1751 247 1808 De
269 1749 359 1808 sacris
379 1750 463 1828 prius
483 1749 651 1810 dicendum.
695 1750 769 1826 Qum
788 1750 907 1829 quidem
924 1769 1104 1830 magnopere

199 1854 237 1912 ad
263 1873 326 1912 rem
352 1860 487 1914 nostram
513 1855 642 1914 attinere
669 1855 801 1914 omnium
828 1875 976 1914 consensu
1003 1855 1103 1914 existi-

197 1964 334 2018 mantur:
355 1979 411 2018 nec
429 1959 547 2038 injuria.
591 1959 692 2018 Prima
710 1959 789 2018 enim
807 1959 880 2020 artis
894 1959 988 2032 initia,
1003 1979 1104 2039 quam-

199 2082 316 2141 cunque
340 2061 378 2120 ad
398 2067 520 2140 gentem
543 2062 767 2135 animadvertas,
788 2082 804 2122 c
827 2062 970 2140 religione
993 2063 1104 2141 passim

198 2172 264 2226 orta
277 2166 426 2240 invenies3
446 2172 500 2226 aut
513 2173 549 2226 11
566 2187 679 2226 numen
696 2167 932 2246 magnificentius
946 2167 1103 2238 coleretur,

198 2277 251 2332 aut
274 2276 310 2330 ut
332 2271 431 2350 ipsum
455 2271 618 2332 cultoribus
642 2272 707 2351 ejus
733 2291 863 2352 praesens
890 2271 1102 2332 recluderetur.

198 2375 330 2438 Rudium
344 2375 423 2434 enim
437 2395 553 2455 semper
566 2381 613 2436 111
633 2376 671 2435 ad
690 2395 831 2456 corporea
850 2359 881 2434 et
902 2395 992 2435 sensu
1010 2375 1103 2455 peroi-

197 2478 307 2558 pienda
320 2479 489 2558 confugere,
502 2481 670 2552 remotiora,
681 2500 746 2558 qua
758 2479 926 2557 intelligere
939 2485 1102 2558 nequeunt,

198 2583 358 2662 negligere.
400 2583 498 2642 Testis
518 2583 650 2642 omnium
670 2585 805 2662 gentium
824 2583 996 2662 antiquitas,
1015 2604 1103 2663 quarn

199 2687 316 2747 difficile
336 2688 376 2747 sit
395 2687 555 2747 invisibilia
574 2687 703 2750 credere.
745 2688 861 2767 Itaque¹
873 2707 962 2748 causa
981 2689 1102 2748 1111111
1219 2709 1220 2736 ὲ

197 2793 378 2872 principium
395 2793 516 2871 religio:
537 2814 602 2872 quae
622 2793 796 2854 adumbrare
814 2791 927 2852 divinas
946 2793 1058 2872 species
1072 2798 1103 2852 et
1219 2825 1220 2830 1

200 2898 348 2957 cultorum
366 2898 459 2958 oculis
479 2917 644 2977 proponere
664 2898 775 2978 passim
794 2897 919 2958 volebat.
961 2897 1103 2976 Exempla

200 3003 350 3062 cumulare
369 3002 403 3061 in
422 3022 455 3062 re
474 3008 536 3061 tam
556 3008 638 3062 certa
657 3002 729 3081 quid
749 3001 851 3062 valet?
892 3001 1102 3082 AEgyptiorum
1219 2997 1220 3012 ¹

199 3104 403 3184 Indorumque
430 3106 606 3166 simulachra
633 3105 807 3186 accepimus,
830 3105 914 3166 nulla
939 3105 1101 3184 pulchritu-

200 3210 278 3283 dine,
298 3211 366 3270 rudi
385 3216 487 3270 tamen
506 3211 584 3271 mole
604 3209 752 3270 infinitam
772 3210 919 3290 quandam
940 3210 1101 3272 divinitatis

131 3307 137 3328 ‘
200 3315 328 3395 speciem
347 3316 528 3396 prebentia;
551 3317 646 3396 ipsam
668 3315 842 3376 Judreorum
862 3319 991 3394 gentem,
1011 3334 1101 3394 penes

200 3439 288 3500 quam
307 3419 519 3480 immorabatur
536 3439 605 3480 vera
622 3419 682 3480 Dei
701 3419 817 3492 notitia,
831 3418 974 3496 imagines
996 3418 1052 3478 sibi
1072 3423 1101 3478 et

201 3526 286 3604 signa
306 3524 473 3604 quaesivisse
491 3525 646 3596 novimus3
671 3528 704 3582 et
717 3523 797 3584 inter
810 3522 989 3582 recentiores
1005 3543 1109 3584 renas,
