2470 4046
560 221 599 281 33

125 392 225 446 πολλοὶ
238 391 301 458 μήτε
317 387 414 445 ε’σθίειν
426 388 490 460 μήτε
503 390 586 446 πίνειν
598 390 669 444 ἀλλὰ
683 388 793 445 θεᾶσθαι
802 392 881 460 μόνον
894 391 935 444 καὶ
949 389 1031 457 ξυνεῖ-

125 509 177 550 νιιι·
198 494 225 548 τί
243 495 314 564 δῆτα,
330 495 390 565 ἔφη,
406 495 512 562 οἰόμεθα
530 494 555 550 εἴ
571 518 607 569 τηι
625 496 727 568 γένοιτο
748 494 809 550 αὐτὸ
828 498 858 550 τὸ
876 497 956 550 καλὸν
970 495 1033 548 ἰδεῖν

125 600 271 670 εἶλιιιρινές,
291 597 411 672 καθαρόν,
426 601 547 670 spinam
570 599 646 670 ἢούκ
666 599 776 669 ἐνθυμεῖ,
792 602 853 672 ἔφη,
868 601 908 654 ὅτι
924 599 1032 660 ἐνταῦθα

124 704 196 778 αὐτῷ
209 707 324 776 μοναχοῦ
337 702 481 776 γενήσεται,
493 708 584 778 ὁρῶντι
597 699 619 780 ᾧ
633 707 726 776 ὁρατὸν
738 709 768 760 τὸ
782 708 869 772 καλόν,
880 706 973 760 τίκτειν
985 706 1032 759 οὐκ

125 806 224 864 εἴδωλα
245 810 345 881 ἀρετῆς,
369 805 431 862 ἀλλ’
456 809 549 879 ἀληθῆ,
571 811 617 864 ὅτε
637 814 684 863 τοῦ
706 810 820 879 ἀληθοῦς
843 810 1030 884 ἐφαπτομένῳ

125 915 226 968 τεκόντι
239 914 268 968 te*
281 913 374 988 ἄρετὴν
387 913 470 982 ἀληθῆ
484 915 525 968 καὶ
539 913 694 987 θρεψαμένην
708 914 818 984 ὑπάρχει
832 911 953 984 θεοφιλεῖ
961 913 1032 984 γενέ·

128 1015 192 1072 σθαι
205 1019 247 1072 ιιιιὶ
261 1015 333 1091 εἴπερ
346 1041 383 1092 τῳ
396 1019 470 1093 ἄλλη)
485 1016 626 1090 ἀνθρώπων
638 1018 755 1092 ἀθανάτῳ
769 1019 811 1072 καὶ
826 1019 920 1092 εἰεείνῳ.
957 1012 1032 1072 Grae

127 1117 282 1178 vissimum
302 1137 373 1178 sune
397 1123 607 1198 argumentum
630 1123 687 1188 est,
708 1123 822 1195 quanta
840 1116 932 1178 suerit
952 1117 1031 1198 opud

127 1221 329 1282 Athenienses
355 1222 586 1303 puloh1itudinis
610 1222 776 1298 estimatio,
797 1221 878 1300 quod
900 1223 1030 1282 Athenis

127 1331 217 1386 ustus
231 1330 263 1386 et
277 1325 412 1387 eruditus
426 1327 677 1407 prudentissimus
689 1326 778 1386 homo
796 1347 851 1408 per
867 1326 1031 1406 pulchritu-

128 1427 205 1488 dinis
222 1449 343 1490 sensum
363 1429 501 1492 facillime
522 1431 680 1492 eliciendas
698 1431 822 1490 virtutes
841 1431 977 1490 censuit:
999 1429 1031 1490 id

128 1537 207 1614 quod
220 1538 320 1618 ipsum
330 1539 534 1614 Aristotelem,
549 1539 668 1622 minime
678 1541 787 1620 poetici
800 1537 913 1618 ingenii
927 1537 1030 1612 virum,

128 1643 315 1703 confirmasse
331 1643 392 1724 jem
407 1665 495 1726 supra
511 1643 646 1703 diximus.
689 1643 754 1704 Neo
768 1663 838 1702 vero
855 1642 952 1702 verbis
966 1648 1031 1702 tun-

127 1750 191 1804 tum
204 1747 433 1826 pulchritudinis
455 1748 620 1808 sentientes
639 1769 705 1808 esse
723 1747 925 1808 Athenienses
945 1747 1032 1806 Pluto

126 1849 176 1908 ills
191 1851 287 1925 docet,
301 1852 353 1912 sed
372 1853 481 1934 etipse
496 1873 528 1914 se
548 1853 752 1932 gravissimum
772 1851 836 1932 ejus
855 1851 970 1932 praehet
983 1871 1030 1910 ex·

127 1954 272 2032 emplum;
301 1955 410 2038 quippe
437 1956 496 2034 qui,
520 1962 554 2015 ut
580 1976 678 2027 nemo,
701 1956 829 2035 eleganti
857 1962 888 2016 et
915 1956 1031 2036 poetica

129 2057 296 2134 eloquentie
309 2071 368 2119 tam
380 2060 532 2140 pulchrum
543 2060 759 2140 philosophiam
768 2059 906 2138 exegerit.
943 2059 1032 2118 Plura

130 2161 262 2222 conferre
274 2164 349 2224 nihil
362 2184 436 2243 opus
450 2171 506 2224 est.
540 2164 620 2240 Quid
633 2163 735 2224 enim?
755 2184 809 2244 per
822 2163 921 2222 omnis
931 2183 1031 2222 eorum

129 2264 233 2339 studio,
248 2287 349 2328 omnes
363 2288 459 2327 mores
472 2273 575 2349 putet:
596 2287 652 2326 neo
671 2267 697 2326 si
711 2287 805 2326 unum
824 2266 950 2343 aliquem
964 2265 1030 2342 quis

127 2377 273 2448 quereret
289 2373 388 2434 Graeoi
405 2373 518 2453 ingenii
537 2374 621 2452 qussi
636 2373 794 2446 cardinem,
808 2378 840 2432 et
858 2372 947 2432 talem
964 2391 1030 2432 esse

123 2473 270 2554 judiearet
295 2477 525 2556 pulchritudinis
553 2498 681 2550 sensum,
705 2477 828 2536 multum
854 2477 880 2536 is
906 2482 1027 2536 erraret.

128 2579 210 2656 Quin
223 2581 289 2662 ipsa
301 2602 391 2662 opero
403 2603 465 2643 rem
479 2583 549 2642 sutis
562 2582 710 2662 probent:
733 2602 797 2659 quae
816 2601 884 2642 oum
898 2582 1029 2642 omnium

125 2685 288 2764 peritorum
307 2686 419 2766 judicio
445 2691 506 2746 tum
528 2687 650 2767 pulchra
674 2687 744 2758 sint,
767 2693 801 2746 ut
827 2687 967 2768 exemplu,
992 2687 1029 2746 de

127 2787 234 2864 quibus
248 2789 468 2868 effingerentur‚
482 2811 565 2869 aeque
584 2791 707 2871 pulchra
724 2791 874 2852 exstitisse
892 2811 954 2850 non
967 2810 1029 2850 ore·

127 2889 264 2962 dendum,
272 2912 392 2953 necesse
406 2903 452 2953 est
464 2895 501 2954 od
512 2896 625 2974 speeies
639 2896 671 2956 in
684 2896 829 2956 artificum
841 2895 945 2954 animis
959 2915 1028 2956 eon·

127 2999 227 3071 eeptus
240 2993 299 3054 istu
308 2995 420 3056 fuerint
433 2998 604 3059 adumbrata
614 3023 625 3058 :·
643 3001 699 3060 hoo
709 3005 766 3074 est,
776 3000 808 3060 id
817 2999 907 3060 fuerit
920 3001 1028 3060 artifici

121 3096 272 3176 judicium,
286 3101 310 3159 is
330 3099 558 3179 pulchritudinis
577 3125 690 3178 sensus,
704 3110 738 3162 ut
757 3103 1027 3184 pulcherrimorum,

125 3221 187 3278 quse
206 3203 338 3280 quotidie
354 3203 477 3280 videret,
491 3226 647 3286 corporum
665 3207 736 3286 quid
756 3207 861 3286 cuique
881 3208 1027 3270 excellens

123 3311 209 3378 esset,
231 3306 302 3384 quid
323 3307 427 3386 cuique
446 3309 562 3372 deesset
583 3313 737 3390 quominus
757 3313 795 3374 sd
815 3335 942 3394 unguem
962 3337 1028 3396 per·

123 3413 233 3474 fectum
244 3421 333 3490 esset,
343 3415 477 3498 judicare
490 3423 601 3498 posset,
616 3427 696 3478 etex
709 3418 846 3480 omnibus
860 3419 918 3480 illis
933 3441 1024 3482 uuam

125 3518 181 3580 sibi
194 3519 310 3600 pulchri
323 3521 450 3603 speeiem
464 3521 601 3598 conflare,
610 3522 658 3583 oui
671 3542 724 3602 por
736 3522 850 3584 nullum
861 3525 1025 3610 exemplum
