2470 4046
660 211 700 270 40

227 381 333 445 tamus,
347 373 487 453 quioquid
499 373 572 432 artis
585 373 689 433 Romae
706 372 806 445 fuerit,
823 371 934 432 Graeois
947 371 1131 450 permissum

227 482 281 537 est.
323 477 430 557 Neque
444 478 523 538 enim
536 498 676 557 unquam,
690 478 715 536 si
728 477 772 537 ita
785 477 887 549 diuam,
902 476 1020 536 civitate
1034 476 1130 536 dona·

225 582 336 644 bantur
359 589 454 656 artes3
485 582 538 643 aed
560 585 647 662 pauci
667 583 786 664 quidam
809 582 985 642 eruditiores
1011 583 1130 644 Graeeis

224 685 320 746 literis
347 692 378 748 et
405 687 567 767 disciplinis
594 709 626 747 se
653 687 773 761 dabant,
798 687 926 767 populus
952 687 1130 766 peregrinos

223 790 297 850 istos
321 812 417 852 mores
441 794 615 872 spernebat;
644 814 709 867 neo,
732 793 829 860 oredo,
854 813 916 852 non
939 794 1034 852 omnia
1061 793 1129 854 fere

223 897 376 957 Romanus
402 898 565 958 “Graecam
592 899 720 958 urbem”
747 898 819 958 odit.
859 899 962 978 Atqui,
986 899 1018 958 id
1044 899 1128 978 quod

224 1022 313 1081 supra
324 1003 591 1072 animadvertimus,
601 1025 762 1083 paucorum
775 1003 873 1064 favore
885 1004 1035 1064 translatae
1045 1023 1126 1064 nun-

223 1127 309 1185 quam
333 1108 574 1186 quemadmodum
595 1109 742 1188 indigena
764 1109 871 1168 florent
894 1113 991 1182 artes;
1015 1109 1053 1168 ad
1072 1108 1125 1168 ab·

223 1210 311 1272 surda
325 1212 404 1270 enim
424 1221 455 1272 et
475 1213 653 1274 soloecismos
671 1221 864 1294 patronorum
878 1213 1000 1274 arbitrio
1014 1233 1045 1273 se
1058 1233 1124 1272 ver·

222 1320 310 1388 tunt;
332 1321 398 1374 tum
419 1337 493 1396 pure
517 1318 554 1377 ad
577 1323 715 1378 naturam
737 1317 929 1397 effinguntur,
951 1337 1018 1377 eum
1042 1337 1123 1376 com-

221 1420 318 1480 munis
332 1421 434 1500 populi
446 1442 550 1482 sensus
558 1423 692 1503 judicare
703 1443 753 1482 eas
762 1427 872 1502 potest.
903 1421 992 1497 Quod
1002 1421 1124 1501 quidem

220 1522 333 1601 ingenii
346 1531 401 1585 est.
443 1525 528 1585 Idem
546 1527 626 1585 enim
638 1526 804 1586 venustatis
823 1546 927 1585 sensus
947 1531 979 1585 et
999 1525 1123 1585 artificis

220 1630 318 1688 animo
341 1629 480 1708 pulchras
504 1630 617 1709 speeies
638 1629 785 1710 proponit,
810 1635 841 1690 et
864 1629 971 1710 vulgus
998 1629 1122 1689 artificis

220 1753 295 1812 opus
309 1733 455 1793 aestimare
470 1733 564 1794 dooet.

258 1838 309 1897 Ad
330 1837 484 1916 ingenium
507 1838 602 1917 igitur
621 1838 724 1898 referri
749 1837 859 1898 debent
880 1838 987 1899 diversi
1008 1840 1120 1900 artium

218 1948 358 2016 eventus;
378 1943 448 2004 hino
468 1945 574 2024 poesis,
588 1944 658 2004 hino
671 1944 774 2023 religio
794 1945 915 2024 pendet,
929 1945 999 2005 hino
1011 1965 1119 2022 mores,

217 2051 288 2113 hine
307 2053 404 2132 aliqua
422 2073 458 2112 ex
476 2059 562 2132 parte
583 2053 649 2133 ipsa
666 2053 822 2113 instituta:
847 2075 911 2133 quae
930 2055 1049 2134 quidem
1067 2055 1118 2116 ad-

214 2155 318 2236 juvare
352 2157 506 2236 ingenium
540 2163 593 2216 aut
624 2157 766 2236 impedire
797 2157 981 2237 aliquantum
1007 2159 1118 2234 valent,

218 2283 282 2340 quae
300 2267 410 2336 tamen,
425 2262 451 2320 si
468 2261 622 2340 ingenium
641 2262 729 2332 absit,
743 2283 842 2322 oreore
861 2269 956 2324 artem
973 2285 1035 2324 non
1048 2284 1117 2345 pos-

219 2371 299 2440 sunt,
323 2386 388 2436 neo‚
413 2367 439 2426 si
461 2367 547 2437 adsit,
572 2367 693 2447 penitus
715 2366 914 2446 exstinguere.
956 2367 1118 2447 Ingenium

218 2475 319 2530 autem
341 2471 513 2531 Graecorum
533 2471 619 2550 quale
638 2471 739 2541 fuerit,
751 2471 813 2550 jam
833 2491 923 2551 supra
943 2472 1118 2534 adumbrare

219 2573 316 2633 eonati
334 2594 444 2635 sumus.
487 2574 577 2648 Quod
594 2578 738 2652 quantum
757 2574 866 2632 artium
879 2595 1008 2635 amorem
1025 2576 1116 2636 hono-

217 2697 337 2756 remque
350 2682 477 2757 pareret,
490 2677 578 2736 liceat
590 2676 719 2736 breviter
733 2677 874 2757 exemplis
888 2679 1002 2738 dooere.
1039 2679 1116 2739 Oum

217 2781 357 2861 rejectam
375 2801 392 2840 a
408 2781 477 2840 Cois
498 2780 654 2840 Praxitelis
671 2781 836 2842 Venerem'
851 2781 950 2842 Ouidii
963 2782 1115 2857 emissent,

217 2885 311 2945 voluit
324 2905 389 2944 eam
402 2890 506 2964 postea
518 2884 555 2944 ab
568 2884 605 2944 iis
615 2885 739 2945 mereari
752 2905 804 2945 rex
817 2885 1002 2960 Nicomedes,
1016 2892 1115 2948 totum

216 3011 256 3050 aes
275 2990 402 3050 civitatis
421 2989 560 3060 alienum,
579 2989 657 3070 quod
679 2995 743 3050 erat
764 2990 881 3069 ingens,
900 2991 1115 3053 dissoluturum

217 3115 248 3154 se
261 3093 456 3173 promittens3
477 3094 577 3153 omnio
594 3094 711 3174 perpeti
728 3094 867 3168 maluere,
880 3115 936 3154 neo
949 3095 1114 3168 immerito;

214 3199 265 3258 illo
279 3197 358 3257 enim
372 3196 457 3275 signo
472 3197 636 3257 Praxiteles
652 3198 780 3258 Gnidum
793 3198 972 3259 nobilitavit.
1006 3199 1113 3260 Deme·

145 3359 147 3364 .
213 3303 290 3363 trius
307 3322 366 3376 rex,
378 3321 445 3361 eum
459 3302 613 3362 Rhodum·
631 3303 789 3371 obsideret,
803 3309 926 3383 propter
937 3304 1113 3384 Protogenis

214 3408 356 3486 Ialysum,
376 3425 414 3465 ne
435 3412 579 3466 cremaret
598 3406 725 3482 tabulas,
746 3427 814 3466 oum
834 3408 871 3467 ab
891 3429 927 3468 ea
946 3414 1031 3488 parte
1052 3410 1112 3471 sola

277 3529 287 3551 ¹
303 3519 366 3569 Plin.
378 3517 436 3570 Nat,
448 3519 480 3568 H.
493 3519 576 3567 xxxvi.
589 3522 611 3568 ὅ.
840 3527 848 3552 ·
867 3519 906 3569 lb.
919 3535 994 3572 xxxv.
1008 3525 1046 3572 10.
