2470 4046
564 143 603 199 41

135 308 238 384 posset
265 304 370 364 urbem
396 323 509 383 capere,
533 323 596 362 non
624 301 774 374 incendit;
808 307 1036 380 parcentemque

135 409 260 487 picturae
274 407 353 486 fugit
363 407 476 467 occasio
489 406 628 466 victoriae.
659 406 727 481 Quo
741 405 773 464 in
786 406 850 466 loco
865 404 947 465 subit
960 425 1037 464 com-

137 512 321 592 parationem
341 511 488 591 quandam
506 531 524 570 a
541 511 642 571 nescio
662 531 720 590 quo
740 510 846 570 initam
866 529 1037 582 memorare,

137 615 197 695 qui,
225 635 294 676 cum
324 615 436 676 Rhodii
469 615 554 694 sigua
585 614 733 674 Demetrii
763 614 889 694 dejicere
915 613 1038 686 nollent,

138 720 268 780 Romani
291 724 400 793 cutem,
425 739 489 798 quae
513 720 546 779 in
572 720 706 800 AEgypto
733 724 828 792 erant,
852 717 980 778 Antonii
1006 723 1038 777 et

138 826 304 904 Cleopatrae
319 824 404 903 signa
418 824 516 884 omnia
529 824 699 905 dejicerent,
713 823 804 903 atqui,
819 823 924 898 aiebat,
941 823 1039 883 Grmci

137 935 235 990 artem
253 928 347 1008 magis
366 948 452 1007 quam
472 929 602 988 Romani
619 929 765 988 ultionem
783 927 921 1006 diligrmt.
965 927 1039 986 Gru-

136 1033 290 1094 vissimum
309 1038 410 1092 autem
429 1033 633 1092 testimonium
651 1033 794 1092 habemus
815 1032 976 1103 Ciceronis,
989 1031 1041 1110 qui

138 1139 172 1197 in
195 1137 321 1197 Verrem
344 1157 435 1216 agens
460 1137 496 1196 de
522 1138 694 1198 Craecorum
716 1138 749 1196 in
773 1142 852 1196 artes
876 1137 975 1196 studio
997 1137 1041 1195 ita

139 1242 318 1322 peroravit‘:
340 1242 541 1302 “Mirandum
558 1243 591 1300 in
604 1242 724 1302 modum
741 1242 838 1302 Graeci
856 1242 945 1302 rebus
964 1241 1039 1314 istis,

139 1367 213 1426 quus
240 1347 466 1418 contemnimus,
494 1347 688 1406 delectantur.
744 1346 825 1422 Quid
855 1345 1040 1406 arbitramini

139 1451 301 1530 Rheginos,
316 1451 367 1530 qui
376 1451 438 1530 jam
451 1452 528 1511 cives
547 1453 675 1512 Romani
693 1457 773 1524 sunt,
787 1471 900 1510 merere
914 1450 988 1510 velle
1002 1458 1038 1510 ut

141 1556 177 1615 ab
197 1556 234 1615 iis
254 1576 417 1616 marmorea
437 1556 541 1616 Venus
564 1557 615 1616 illa
636 1556 811 1616 auferatur?
839 1555 911 1635 quid
932 1555 1041 1614 Taren-

142 1659 231 1732 tinos,
245 1665 281 1718 ut
299 1659 449 1738 Europam
467 1659 500 1718 in
517 1665 604 1720 tauro
618 1660 766 1734 amittunt,
780 1665 816 1720 ut
830 1660 977 1738 Satyrum,
991 1659 1043 1739 qui

139 1765 220 1844 apud
232 1764 299 1824 illos
312 1764 345 1823 in
363 1764 424 1824 aede
438 1765 540 1824 Vestae
554 1773 609 1837 est,
622 1769 658 1823 ut
677 1763 807 1824 catera?
828 1765 899 1844 quid
918 1764 1040 1844 Thespi-

143 1889 238 1942 enses‚
260 1875 296 1928 ut
318 1869 474 1948 Cupidinis
495 1869 621 1947 signum,
641 1875 763 1948 propter
783 1869 862 1948 quod
885 1869 981 1929 solum
1001 1870 1042 1928 vi·

143 1978 251 2032 suntur
272 1971 430 2052 Thespia?
452 1973 523 2051 quid
545 1973 673 2046 Cnidios,
687 1979 723 2032 ut
745 1973 894 2032 Venerem
915 1994 1041 2034 marmo-

143 2077 246 2136 ream?
266 2077 338 2157 quid
353 2078 439 2150 Coos,
451 2082 487 2135 ut
500 2075 635 2155 pictam?
656 2077 727 2155 quid
737 2077 896 2156 Epheseos,
905 2084 941 2137 ut
950 2079 1040 2138 Alex·

144 2180 292 2242 andrum?
313 2181 385 2261 quid
407 2181 579 2260 Cyzicenos,
601 2186 637 2239 ut
659 2181 782 2259 Ajacem
804 2186 857 2239 aut
879 2181 1042 2242 Medeam?

145 2285 216 2364 quid
236 2286 375 2358 Rhodios,
396 2290 432 2344 ut
450 2283 607 2364 Iudysum?
632 2283 703 2364 quid
722 2285 933 2355 Athenienses,
954 2293 989 2345 ut
1009 2307 1045 2346 ex

143 2411 287 2450 marmore
307 2390 457 2463 Iacchum,
478 2394 531 2449 aut
552 2389 690 2448 Paralum
714 2388 836 2468 pictum,
857 2395 910 2449 aut
931 2411 967 2449 ex
987 2411 1046 2450 aere

145 2496 284 2576 Myronis
302 2495 464 2554 buculam?
506 2495 646 2572 Longum
660 2499 706 2552 est
720 2499 751 2552 et
768 2513 831 2552 non
848 2495 1047 2554 necessarium

144 2617 373 2656 commemorare
396 2618 460 2676 quae
484 2597 564 2676 apud
587 2616 719 2675 quosque
747 2607 817 2656 sunt
839 2598 961 2658 visenda
981 2604 1047 2658 tota

145 2702 220 2760 Asia
231 2705 262 2760 et
279 2700 411 2774 Graecia3
431 2721 533 2760 verum
547 2700 621 2760 illud
634 2706 681 2760 est
696 2701 884 2780 quamobrem
897 2704 960 2762 haec
970 2723 1047 2762 oom-

147 2824 315 2876 memorem,
329 2804 408 2882 quod
427 2805 595 2864 existimare
608 2825 660 2864 vos
678 2805 734 2864 hoo
747 2806 822 2879 volo,
836 2807 943 2864 mirum
958 2827 1048 2884 quen·

148 2905 215 2964 dam
239 2906 369 2964 dolorem
392 2906 524 2984 accipere
549 2926 600 2965 eos
624 2927 660 2966 ex
686 2927 812 2985 quorum
838 2908 963 2968 urbibus
987 2909 1049 2970 haec

147 3009 350 3068 auferantur.”
393 3009 486 3068 Haud
508 3009 617 3090 injuria
641 3011 734 3089 igitur
755 3011 777 3070 ii
800 3016 879 3070 artes
902 3012 1049 3091 perfectas

147 3111 347 3186 absolvenmt,
363 3113 414 3192 qui
431 3118 518 3172 tanto
535 3113 647 3174 honore
661 3135 695 3174 ao
709 3114 808 3174 studio
822 3134 871 3174 eas
890 3136 1049 3197 proseque-

148 3217 268 3278 bantur.
319 3218 422 3278 Romae
449 3224 561 3293 contra,
585 3241 752 3299 quanquam
778 3219 866 3299 pauci
893 3221 984 3300 aliqui
1008 3223 1051 3284 ibi

147 3322 271 3384 fuerunt
303 3322 377 3382 artis
409 3327 564 3398 amatores,
592 3329 703 3403 quanta
734 3344 835 3384 eurum
868 3326 1052 3406 negligentia

379 3460 386 3486 ²
405 3457 456 3505 Cic.
469 3457 494 3505 in
507 3457 616 3516 Verrem,
630 3459 682 3506 Art.
696 3462 718 3507 2.
732 3459 764 3508 iv.
778 3459 816 3509 70.

575 3546 628 3602 u2
