2470 4046
632 233 671 291 12

198 395 298 456 saturi
317 395 456 470 fuissent,
469 397 716 476 quemadmodum
737 397 842 458 Graeca
862 396 991 457 Romani
1007 415 1110 456 serva·

198 501 273 561 bant
286 501 513 581 tradebantque.
556 501 628 562 Neu
640 502 689 562 cui
706 502 851 576 videtum,
865 501 892 561 si
905 500 1013 561 similis
1024 501 1111 560 inter

199 626 232 666 sc
254 612 340 665 erant
361 606 550 687 AEgyptiscae
574 607 743 686 Graeeaeque
766 606 840 666 artis
863 606 959 680 initia,
981 625 1110 666 necesse

198 709 293 789 igitur
305 729 371 770 esse
387 711 508 772 Grecos
522 711 560 772 ab
573 712 726 792 AEgyptiis
744 717 839 771 artem
853 731 918 771 esse
931 715 1107 770 mutuatos:

199 835 261 874 una
285 815 364 874 enim
384 815 519 876 inomni
539 822 631 896 gente
651 822 683 876 et
703 816 807 876 eadem
825 816 888 876 fere
908 835 1025 895 semper
1044 815 1109 874 fuit

198 919 296 999 prima
304 920 456 980 nascentis
469 921 543 980 artis
558 921 680 1001 species.
714 923 758 980 At
765 920 856 980 latius
870 925 992 980 extenta
1004 939 1108 978 rerum

199 1024 384 1104 experientia
410 1025 553 1086 acriorem
579 1025 651 1086 iacit
676 1025 790 1105 ingenii
816 1024 926 1084 aciem:
957 1043 1014 1084 nec
1041 1023 1108 1084 sine

200 1127 397 1208 complurium
408 1149 550 1208 generum
562 1128 686 1189 scientie
697 1134 729 1189 ct
740 1128 904 1209 disciplinis
914 1149 962 1188 ars
975 1128 1108 1188 multum

199 1234 323 1314 provehi
348 1239 458 1314 potest.
502 1207 639 1310 Quor-dm
660 1244 820 1314 utrumque
847 1233 960 1294 Graecis
982 1239 1108 1314 propter

199 1338 258 1399 loci
285 1338 376 1398 situm
403 1345 435 1398 et
459 1340 669 1399 commercium
696 1339 854 1417 contingit,
878 1337 1032 1413 Romanis,
1055 1338 1108 1417 qui

199 1445 283 1504 nulla
300 1443 364 1503 iere
384 1464 452 1503 cum
470 1444 582 1504 exteris
602 1443 743 1523 gentibus
763 1443 823 1502 nisi
841 1443 912 1503 belli
932 1443 1109 1502 commercia

200 1548 571 1622 habere.voluer1mt,fere
592 1548 713 1608 omnino
733 1547 838 1608 defuit.
879 1547 1016 1607 Accessit
1034 1567 1107 1628 quo·
1218 1617 1219 1620 Ἴ

201 1674 268 1734 que,
289 1653 369 1733 quod
387 1659 497 1713 natura
518 1653 634 1714 (lraecia
653 1654 686 1713 in
706 1653 836 1721 civitate,
857 1659 931 1732 quot
950 1653 1033 1712 nulla
1050 1654 1109 1712 alia

201 1759 334 1839 ejusdem
347 1758 562 1837 magnitudinis
575 1759 675 1828 tellus,
685 1758 838 1838 perpetuis
851 1758 1002 1818 montibus
1016 1757 1109 1818 divisa

202 1868 259 1923 est.
301 1862 392 1922 Unde
406 1868 519 1941 quanta
531 1862 610 1922 inter
622 1863 712 1923 urbes
725 1863 759 1921 in
769 1862 879 1922 artium
893 1862 1000 1923 studiis
1019 1883 1107 1922 aemu-

200 1967 273 2026 latio
300 1966 437 2040 oriretur,
464 1972 674 2053 argumentum
704 1967 846 2027 habemus
872 1987 966 2047 prope
993 1967 1108 2028 divinos

201 2071 270 2131 illos
282 2071 421 2140 honores,
435 2091 509 2150 quos
530 2071 703 2151 Olympiaco
716 2072 822 2132 victori
839 2071 937 2151 patria
957 2072 1108 2132 cumulare

203 2194 320 2254 semper
338 2173 503 2253 gestiebat3
524 2194 622 2253 neque
640 2173 720 2234 enim
739 2174 805 2245 sibi,
820 2174 872 2235 sed
889 2173 1002 2253 patrie,
1016 2173 1107 2233 victo-

202 2279 277 2338 riam
301 2278 323 2337 ii
343 2278 494 2359 peperisse
518 2278 714 2338 habebantur.
757 2278 846 2355 Quod
865 2278 984 2358 quidem
1003 2278 1108 2338 incita·

204 2387 341 2442 mentum
364 2382 508 2443 Romanis
534 2383 657 2442 omnino
681 2404 744 2443 non
769 2383 845 2455 fuit;
873 2403 941 2442 cum
967 2383 1107 2462 subjectus

204 2492 311 2565 gentes
323 2486 405 2545 inter
417 2506 449 2546 se
463 2492 577 2546 certare
594 2507 657 2546 non
674 2487 826 2561 curabant,
840 2487 994 2547 Romanus
1007 2491 1108 2547 autem

203 2590 362 2670 peregrina
389 2591 488 2650 omnia
514 2590 704 2670 despiciebat,
753 2591 821 2652 Nec
846 2591 966 2652 urbium
992 2591 1107 2651 semida-

203 2698 318 2758 tionem
339 2698 432 2756 solam
451 2698 531 2776 apud
553 2697 673 2758 Graecos
692 2698 825 2758 locorum
844 2697 971 2758 sanetas
994 2697 1107 2776 genuit.

205 2802 264 2862 Sed
276 2807 313 2860 ut
326 2801 515 2861 Athenarum
528 2802 695 2882 exemplum
707 2802 887 2875 intueamur,
901 2821 989 2880 quam
1003 2802 1109 2881 exigua
1219 2821 1220 2874 ξ

204 2905 311 2966 harum
320 2910 402 2964 terra
414 2904 490 2965 fuit!
512 2912 624 2985 quanta
636 2912 760 2987 propter
772 2906 903 2966 locorum
914 2905 979 2985 ejus
990 2905 1108 2966 diversi·

204 3017 299 3072 tatem
319 3011 486 3071 studiorum
507 3032 680 3092 morumque
698 3011 842 3072 varietas!
864 3011 1007 3086 montani,
1026 3031 1107 3090 agro-

205 3136 273 3176 rum
292 3135 487 3195 possessores,
501 3117 622 3176 nautica
639 3115 809 3189 multitudo,
825 3115 974 3176 urbanum
991 3117 1107 3194 vulgus,

206 3221 287 3282 docti
306 3220 363 3280 viri
380 3225 471 3300 atque
490 3221 674 3301 philosophi:
699 3220 807 3300 quibus
827 3220 973 3280 universis
993 3221 1108 3300 placere

206 3323 313 3384 artifex
338 3323 474 3384 debebat.
518 3325 579 3401 Qui
597 3330 699 3385 eutem
718 3333 780 3384 tam
800 3324 988 3384 dissimilium
1007 3325 1108 3384 laudes

206 3433 380 3508 aucupatur,
391 3429 504 3488 nihilis
517 3435 603 3498 extra
615 3429 746 3499 modum,
754 3428 831 3488 nibil
842 3435 952 3508 prater
963 3433 1109 3502 mutinam,

206 3532 281 3592 nihil
302 3532 341 3592 ad
361 3533 452 3593 unius
476 3533 602 3612 alicujus
625 3534 810 3594 voluntatem
833 3533 939 3594 fictum
961 3533 1109 3613 proferat:
