2470 4046
118 845 287 898 QUAENAM
309 844 499 894 PRAECIPUE
522 843 649 894 OAUSAE
673 841 763 901 SINT,
781 841 856 891 CUR
878 841 1019 892 GRAECIS

151 943 297 992 ROMANI
317 943 356 991 IN
374 943 519 992 ARTIUM
543 941 778 991 LIBERALIUM
799 939 941 989 STUDIIS
958 939 1021 990 VIA

151 1041 275 1100 PARES,
293 1040 427 1090 NEDUM
445 1039 671 1089 SUPERIORES
690 1037 904 1088 EVASERINT.

161 1271 237 1330 Onu
255 1275 303 1330 tot
322 1274 474 1351 tentaeque
496 1269 670 1331 Graecorum
690 1280 721 1330 et
740 1269 944 1330 Romanorum
965 1267 1023 1328 die·

119 1373 329 1434 similitudines
350 1374 511 1454 sepissime
528 1374 590 1454 jam
610 1375 643 1434 in
664 1373 895 1435 controversiam
916 1393 934 1432 a
956 1372 1023 1432 doe·

118 1477 243 1538 tissimie
256 1478 325 1538 viris
339 1483 450 1538 voeutee
464 1478 534 1547 sint,
548 1479 631 1539 nulle
644 1479 706 1539 sere
720 1479 814 1560 major
827 1477 954 1551 videtur,
968 1496 1025 1536 neo

120 1583 214 1662 magis
232 1582 484 1642 animadversione
503 1583 602 1662 dignu,
616 1603 704 1662 quam
723 1604 766 1657 ee,
781 1602 845 1660 quae
863 1581 896 1640 in
914 1581 1025 1641 ortium

119 1687 286 1746 liberalium
303 1686 408 1746 etudiie
429 1687 615 1747 continetur:
637 1707 762 1767 querum
776 1686 895 1766 quidem
911 1685 1025 1746 Graeoie

119 1791 223 1871 primae
236 1791 348 1851 nonde
366 1791 527 1870 aequnlibue
546 1797 674 1866 tuntum,
688 1792 741 1851 sed
761 1792 797 1852 de
812 1789 950 1851 omnibus
964 1811 1024 1851 orn-

119 1896 204 1956 nium
224 1899 401 1974 temporum,
420 1895 540 1954 nemine
558 1896 742 1970 adversante,
764 1896 947 1968 deferuntur,
964 1893 1024 1953 Ro-

120 1999 202 2058 mani
215 2019 253 2058 ne
266 1999 299 2058 in
313 1997 457 2058 secundae
468 1999 587 2079 quidem
596 2000 700 2060 leudes
714 2003 913 2060 accesserunt.
937 1997 1027 2073 Quod

121 2103 156 2176 ei,
177 2109 214 2161 ut
234 2103 371 2162 omnibus
394 2103 457 2162 sere
481 2105 607 2178 videtur,
629 2104 662 2163 in
686 2103 866 2173 civitatibus,
890 2104 969 2162 eiout
992 2102 1026 2161 in

121 2206 248 2284 singulis
270 2206 450 2282 hominibus,
474 2209 518 2268 ite
542 2229 573 2268 ee
597 2229 645 2268 res
672 2208 772 2281 habet,
795 2212 832 2266 ut
856 2205 971 2285 ingenii
994 2210 1027 2266 et

34 2368 38 2379 ,
121 2332 237 2371 morum
255 2311 399 2371 indicium
417 2317 448 2372 et
467 2313 551 2392 quasi
572 2319 645 2373 note
661 2317 741 2373 artes
760 2330 821 2372 euee
839 2310 946 2390 cuique
965 2311 1027 2370 eint

121 2413 314 2493 proferendae,
328 2433 425 2493 operee
445 2420 526 2474 certe
544 2417 675 2494 pretium
695 2415 761 2488 erit,
776 2434 889 2488 coines,
909 2433 963 2474 eur
982 2434 1027 2473 er·

121 2517 205 2576 tibus
225 2516 289 2575 alie
310 2523 415 2595 gentes
436 2518 502 2578 eliis
525 2520 748 2579 excellentiores
767 2518 922 2592 evaserint,
937 2517 1027 2578 altius

121 2617 265 2695 indagari.
306 2618 363 2677 Est
383 2619 464 2678 enim
484 2621 593 2681 artium
612 2622 737 2682 historia
755 2614 940 2702 singularum
956 2641 1027 2700 gen-

122 2724 200 2783 tium
214 2744 247 2783 ao
262 2729 384 2784 aetetum
399 2725 505 2785 eximie
519 2727 652 2806 quedam
665 2729 772 2807 imago.

165 2828 223 2886 Sed
243 2847 320 2901 oum,
333 2828 424 2887 letius
445 2835 477 2889 et
496 2830 614 2890 infinite
635 2831 756 2905 dietum,
771 2851 881 2891 nomen
901 2829 973 2890 artis
990 2830 1027 2890 de

125 2930 262 2989 omnibus
280 2933 466 3010 predioetur,
485 2956 550 3013 quae
571 2936 672 2995 labore
695 2935 850 2995 hominum
871 2939 903 2994 et
921 2933 1029 3013 peritia

124 3035 306 3095 efficiuntur:
329 3037 483 3117 (quiequid
496 3040 575 3098 enim
589 3040 704 3100 ratione
719 3045 750 3100 et
763 3039 875 3118 regulis
888 3039 949 3112 fiet,
963 3042 1028 3098 erte

123 3139 156 3198 id
175 3139 240 3198 fieri
260 3140 382 3219 dicitur)
397 3141 430 3200 in
449 3142 507 3202 duo
524 3142 713 3222 potissimum
731 3162 841 3222 genere
859 3150 937 3202 artes
957 3141 1029 3202 licet

124 3245 327 3325 sejungamue.
371 3245 509 3306 Alterum
527 3267 637 3320 earum,
652 3268 716 3327 quae
734 3246 963 3306 necessitutibus
976 3246 1029 3306 ho·

25 3343 29 3352 ’
123 3347 237 3406 minum
258 3353 442 3422 succurrant,
463 3355 495 3409 et
515 3349 576 3409 sole
595 3350 739 3410 utilitatis
763 3369 852 3409 cause
873 3349 1027 3422 colentum

124 3451 226 3529 quales
245 3457 317 3510 eunt
335 3451 525 3512 edificiorum
537 3453 709 3533 viarumque
723 3459 890 3529 etruoturae,
905 3473 954 3513 ree
975 3453 1029 3512 mi-

123 3554 220 3616 litarie
240 3561 271 3615 et
291 3554 393 3634 civilis,
408 3565 439 3618 et
451 3556 608 3618 humiliore
626 3558 678 3619 ille
697 3558 805 3636 omnin,
819 3579 885 3640 que
903 3557 943 3620 ud
960 3577 1031 3636 quo·

568 3681 588 3724 Β
